1668 2509
140 85 218 117 sect.
250 84 305 116 ιν.
523 83 610 114 ΒΕΑ
623 84 758 115 UTJES
789 84 847 115 OF
877 84 938 115 NA
948 84 1081 116 TURE.
1386 79 1463 133 169

139 195 292 233 easque,
314 195 433 233 quum
454 183 643 222 stomachi
664 183 789 222 calore
810 185 1042 230 concoxerit,
1064 197 1255 231 evomere,
1277 191 1391 236 atque
1412 187 1463 224 ita

61 257 117 289 1²5
138 248 277 298 eligere
303 261 352 286 ex
382 248 438 294 iis,
459 261 558 298 quae
589 255 677 286 sunt
706 249 912 287 esculenta.
970 249 1105 287 Ranae
1135 257 1263 288 autem
1292 252 1464 288 marinae

137 313 314 351 dicuntur
333 313 494 351 obruere
515 325 599 351 sese
625 326 742 351 arena
770 314 904 360 solere,
926 321 962 352 et
985 315 1130 353 moveri
1157 327 1280 365 prope
1307 327 1460 365 aquam,

137 378 186 416 ad
212 391 307 428 quas
334 379 442 428 quasi
468 379 519 416 ad
547 391 677 416 escam
711 379 837 428 pisces
867 392 986 430 quum
1015 381 1257 426 accesserint,
1280 381 1420 418 confici
1441 394 1462 418 a

136 444 239 481 ranis
259 450 373 493 atque
394 444 582 481 consumi.
641 443 762 481 Milvo
791 452 848 482 est
869 445 1066 494 quoddam
1094 445 1235 482 bellum
1263 446 1372 494 quasi
1393 458 1462 483 na-

137 509 255 547 turale
276 521 364 547 cum
384 520 512 547 corvo.
570 508 675 558 Ergo
696 509 789 547 alter
808 510 971 556 alterius,
989 510 1221 559 ubicumque
1238 517 1372 548 nactus
1390 517 1460 556 est,

58 591 118 621 130
136 586 209 613 ova
229 574 378 624 frangit.
418 574 517 612 Illud
537 586 626 612 vero
647 575 731 625 quis
757 582 884 624 potest
904 587 984 613 non
1011 576 1164 613 mirari?
1193 588 1319 625 grues,
1341 588 1460 625 quum

135 640 222 678 loca
242 640 422 677 calidiora
453 647 627 689 petentes
658 640 778 677 maria
811 641 1079 686 transmittant,
1102 642 1279 690 trianguli
1311 642 1460 679 efficere

135 704 300 742 formam
312 717 322 751 ;
353 705 434 742 eius
453 711 582 742 autem
604 717 756 742 summo
777 706 919 754 angulo
939 717 1003 743 aer
1025 706 1074 742 ab
1102 706 1147 743 iis
1178 706 1359 744 adversus
1379 707 1459 756 pel-

136 769 246 817 litun
273 769 412 808 deinde
444 770 582 808 sensim
619 771 668 807 ab
701 777 863 820 utroque
892 771 1007 808 latere
1036 777 1235 821 tamquam
1262 772 1388 818 remis,
1408 773 1460 809 ita

136 835 276 885 pennis
304 847 437 873 cursus
467 836 593 872 avium
621 835 774 873 levatur.
833 835 942 873 Basis
971 842 1098 872 autem
1128 837 1315 885 trianguli,
1343 849 1459 886 quem

58 914 115 946 135
135 913 250 950 grues
269 900 449 946 efficiunt,
470 913 516 938 ea
535 907 733 951 tamquam
753 914 776 938 a
795 902 914 950 puppi
935 902 1055 938 ventis
1084 901 1292 946 adiuvatur,
1313 914 1459 951 eaeque

137 966 176 1003 in
195 972 304 1015 tergo
324 966 626 1015 praevolantium
646 966 744 1004 colla
772 972 810 1003 et
837 968 962 1015 capita
987 972 1178 1015 reponunt
1191 979 1201 1013 ;
1233 967 1340 1016 quod
1369 968 1454 1016 quia

136 1032 219 1080 ipse
254 1031 332 1068 dux
366 1030 490 1069 facere
519 1043 600 1068 non
629 1037 768 1080 potest,
789 1032 878 1081 quia
911 1044 992 1069 non
1025 1031 1140 1068 habet
1174 1032 1235 1069 cui
1266 1032 1456 1078 innitatur,

136 1096 290 1143 revolat,
309 1102 351 1133 ut
370 1097 453 1145 ipse
482 1108 638 1146 quoque
665 1097 857 1146 quiescat;
888 1103 925 1134 et
949 1097 988 1133 in
1017 1097 1097 1134 eius
1127 1096 1257 1134 locum
1286 1097 1459 1134 succedit

137 1174 184 1199 ex
204 1162 250 1199 iis
270 1173 369 1211 quae
391 1162 625 1210 acquierunt,
646 1174 767 1212 eaque
787 1162 1009 1200 vicissitudo
1037 1162 1077 1198 in
1103 1163 1210 1199 omni
1231 1174 1344 1199 cursu
1364 1174 1458 1200 con-

59 1240 119 1270 140
137 1233 316 1265 servatur.
374 1226 499 1264 Multa
519 1227 707 1264 eiusmodi
723 1227 894 1276 proferre
914 1239 1086 1276 possum,
1103 1227 1171 1264 sed
1190 1239 1313 1275 genus
1329 1227 1455 1276 ipsum

135 1292 281 1330 videtis.
340 1291 423 1329 Iam
442 1303 533 1330 vero
553 1292 615 1329 illa
634 1292 748 1329 etiam
768 1292 930 1338 notiora,
952 1300 1096 1342 quanto
1117 1304 1157 1329 se
1182 1304 1298 1341 opere
1329 1299 1456 1330 custo-

137 1357 242 1395 diant
260 1357 416 1404 bestiae,
436 1363 477 1394 ut
496 1358 535 1395 in
555 1364 668 1407 pastu
687 1358 1016 1407 circumspectent‚
1037 1364 1078 1394 ut
1098 1358 1136 1394 in
1157 1357 1344 1395 cubilibus
1365 1358 1456 1395 deli-

136 1429 293 1461 tescant.
351 1423 478 1472 Atque
498 1423 561 1460 illa
579 1423 796 1466 mirabilia„
837 1422 943 1469 Quid
972 1435 1028 1468 ea,
1050 1435 1148 1472 quae
1177 1435 1312 1471 nuper,
1333 1423 1372 1460 id
1399 1429 1457 1460 est

136 1488 269 1537 paucis
288 1494 376 1525 ante
396 1488 568 1533 saeculis,
588 1488 829 1526 medicorum
849 1488 1012 1537 ingeniis
1033 1493 1182 1536 reperta
1202 1488 1314 1525 sunt?
1335 1488 1456 1525 vomi-

60 1571 116 1603 ¹45
135 1553 242 1590 tione
276 1565 402 1598 canes,
437 1559 601 1603 purgatu
638 1559 766 1590 autem
796 1553 900 1590 alvos
938 1553 1019 1590 ibes
1056 1553 1270 1602 Aegyptiae
1309 1559 1454 1590 curant.

136 1617 322 1656 Auditum
355 1625 423 1664 est,
457 1618 674 1667 pantheras,
705 1630 803 1668 quae
836 1618 876 1655 in
908 1618 1083 1655 barbaria
1118 1624 1305 1655 venenata
1342 1630 1456 1655 carne

136 1690 373 1732 caperentur,
405 1683 618 1720 remedium
652 1683 851 1733 quoddam
876 1682 1026 1728 habere,
1059 1695 1135 1732 quo
1175 1695 1294 1733 quum
1327 1690 1456 1721 essent

136 1759 240 1794 usae,
260 1761 341 1786 non
369 1755 609 1786 morerentur
619 1762 629 1796 ;
660 1760 795 1798 capras
829 1756 958 1786 autem
991 1749 1030 1785 in
1060 1748 1173 1786 Creta
1202 1748 1312 1794 feras,
1335 1761 1454 1799 quum

138 1819 265 1851 essent
301 1814 476 1852 confixae
513 1814 709 1851 venenatis
743 1814 900 1863 sagittis,
931 1814 1089 1851 herbam
1127 1826 1320 1864 quaerere,
1355 1827 1454 1864 quae

62 1892 121 1924 150
139 1877 354 1917 dictamnus
372 1886 570 1917 vocaretur
583 1892 594 1926 ;
624 1891 741 1929 quam
767 1889 892 1929 quum*
917 1879 1182 1928 gustavissent,
1204 1880 1361 1928 sagittas
1388 1892 1454 1917 ex-

139 1942 264 1980 cidere
284 1943 415 1982 dicunt
434 1957 455 1982 e
470 1957 643 1994 corpore.
692 1944 913 1994 Cervaeque
934 1944 1062 1993 paullo
1083 1950 1170 1981 ante
1194 1951 1347 1993 parturn
1366 1957 1452 1995 per-

139 2014 304 2056 purgant
333 2019 373 2045 se
401 2009 569 2058 quadam
596 2009 763 2055 herbula,
783 2021 882 2058 quae
916 2009 1046 2047 seselis
1076 2009 1222 2047 dicitur.
1279 2009 1363 2047 Iam
1381 2010 1456 2050 -nJa

140 2073 344 2119 cernimus,
372 2079 415 2111 ut
447 2080 580 2122 contra
611 2075 688 2111 vim
717 2081 754 2112 et
781 2081 927 2111 metum
956 2075 1034 2111 suis
1064 2086 1105 2112 se
1133 2075 1249 2112 armis
1279 2087 1454 2128 quaeque

141 2136 332 2175 defendat.
390 2137 582 2176 Cornibus
602 2139 708 2184 tauri,
729 2140 810 2189 apri
830 2138 1018 2184 dentibus,
1039 2151 1173 2177 morsu
1196 2139 1340 2183 leones,
1361 2144 1456 2181 aliae

63 2209 121 2243 155
141 2201 233 2251 fuga
260 2214 312 2248 se,
333 2202 428 2240 aliae
456 2203 713 2242 occultatione
745 2210 924 2250 tutantur,
944 2205 1143 2243 atramenti
1177 2204 1366 2245 effusione
1397 2221 1455 2246 se-

141 2267 238 2316 piae,
267 2273 421 2317 torpore
458 2269 700 2317 torpedines:
747 2269 887 2307 multae
915 2271 1030 2308 etiam
1059 2270 1290 2308 insectantes
1327 2274 1456 2313 odoris

143 2330 368 2370 intolerabili
396 2331 576 2371 foeditate
605 2333 810 2383 depellunt.

783 2411 808 2437 N
