1668 2509
154 47 234 88 168
492 57 649 88 ExTRA
657 57 739 89 crs
767 56 904 88 FRoM
931 56 1112 88 CICERO.
1309 56 1387 86 sect.
1409 53 1465 87 ιν.

150 161 296 201 vorant,
314 156 386 193 alia
403 156 603 194 mandunt.
659 156 788 205 Atque
808 156 923 192 etiam
943 155 1106 192 aliorum
1125 165 1171 191 ea
1189 158 1247 191 est
1259 152 1462 198 humilitas,
1485 167 1530 198 90

149 228 190 258 ut
208 221 337 258 cibum
356 228 571 258 terrestrem
597 221 727 258 rostris
757 220 865 257 facile
899 220 1138 267 contingant.
1194 217 1306 264 Quae
1335 225 1463 256 autem

149 285 282 324 altiora
310 292 410 331 sunt,
431 292 472 322 ut
499 296 666 330 anseres,
685 291 727 322 ut
755 285 879 334 cygni,
900 291 942 321 ut
969 295 1094 332 grues,
1115 289 1157 320 ut
1185 282 1330 328 cameli,
1356 283 1464 320 adiu-

149 358 281 388 vantur
307 350 531 399 proceritate
560 350 759 387 collorum.
818 349 962 386 Manus
991 349 1106 385 etiam
1132 347 1222 384 data
1239 346 1464 396 elephantis,

148 416 237 464 quia
251 424 407 464 propter
420 415 726 463 magnitudinem
746 414 919 464 corporis
939 413 1110 451 difficiles
1130 412 1253 450 aditus
1272 411 1464 450 habebant

149 480 198 517 ad
226 486 392 528 pastum.
1483 486 1522 518 95

202 548 241 582 5.
271 545 325 581 At
355 545 492 593 quibus
521 545 653 582 bestiis
673 551 754 582 erat
781 545 813 582 is
834 545 941 583 cibus
960 552 1002 582 ut
1034 544 1130 581 alius
1158 542 1308 592 generis
1336 542 1465 580 bestiis

108 656 111 658 q
148 616 390 647 vescerentur
411 616 474 647 aut
493 610 590 647 vires
618 617 754 647 natura
774 609 877 648 dedit
905 617 970 647 aut
989 609 1233 647 celeritatem.
1289 607 1390 645 Data
1409 614 1466 645 est

149 674 378 723 quibusdam
398 675 511 712 etiam
531 674 763 712 machinatio
789 675 979 724 quaedam
1005 681 1118 722 atque
1146 673 1331 711 sollertia:
1361 679 1402 710 ut
1427 672 1466 710 in

150 739 338 777 araneolis
358 740 452 777 aliae
479 740 587 790 quasi
607 746 686 777 rete
715 746 860 785 texunt,
879 747 933 786 ut,
954 740 985 777 si
1017 739 1110 788 quid
1138 738 1351 784 inhaeserit,
1373 749 1465 775 con-

149 804 298 841 ficiant:
328 804 422 841 aliae
443 812 572 842 autem
592 817 639 842 ex
658 805 860 854 inopinato
881 805 1088 842 observant
1107 810 1154 849 et,
1169 804 1199 841 si
1215 803 1308 853 quid
1322 803 1464 848 incidit,
1489 821 1548 843 100

149 869 341 918 arripiunt,
362 869 478 918 idque
505 877 749 907 consumunt.
804 870 927 907 Pinna
956 881 1058 915 vero,
1081 870 1152 916 (sic
1187 869 1290 906 enim
1317 867 1466 906 Graece

150 933 312 981 dicitur,)
335 934 482 971 duabus
502 934 713 983 grandibus
732 935 862 984 patula
881 934 1053 980 conchis,
1074 947 1162 972 cum
1190 945 1307 983 parva
1332 932 1467 982 squilla

149 999 258 1047 quasi
278 999 502 1036 societatem
522 1000 598 1037 coit
614 1000 865 1049 comparandi
884 1000 958 1037 cibi
975 1012 983 1037 ε
1013 999 1141 1049 itaque
1156 1011 1277 1048 quum
1296 997 1466 1047 pisciculi

149 1064 254 1112 parvi
273 1064 313 1100 in
329 1063 518 1101 concham
532 1064 699 1101 hiantem
712 1065 988 1110 innataverunt‚
1002 1071 1084 1102 tum
1100 1063 1297 1102 admonita
1309 1062 1467 1112 squillae

148 1128 268 1177 pinna
287 1140 418 1166 morsu
438 1129 658 1178 comprimit
685 1130 864 1168 conchas.
922 1130 984 1167 Sic
1010 1129 1269 1167 dissimillimis
1297 1128 1467 1167 bestiolis
1489 1139 1545 1170 105

149 1194 404 1231 communiter
424 1194 530 1231 cibus
551 1194 754 1243 quaeritur.
810 1194 858 1232 In
887 1206 965 1244 quo
993 1194 1261 1231 admirandum
1281 1200 1351 1239 est,
1372 1205 1466 1230 con-

147 1270 332 1308 gressune
353 1258 481 1307 aliquo
501 1259 599 1296 inter
632 1271 684 1304 se,
707 1271 756 1296 an
788 1259 862 1296 iam
897 1260 986 1296 inde
1017 1259 1066 1296 ab
1099 1267 1185 1296 ortu
1219 1265 1353 1295 natura
1382 1258 1467 1307 ipsa

147 1331 405 1372 congregatae
426 1324 510 1361 sint.
567 1323 637 1361 Est
670 1324 784 1361 etiam
818 1324 1018 1362 admiratio
1052 1323 1237 1361 nonnulla
1266 1324 1305 1360 in
1335 1322 1465 1361 bestiis

148 1387 375 1437 aquatilibus
414 1388 470 1433 iis,
507 1399 605 1436 quae
643 1388 852 1437 gignuntur
891 1389 930 1426 in
967 1396 1086 1426 terra:
1130 1388 1241 1425 veluti
1279 1387 1465 1425 crocodili

148 1452 420 1502 fluviatilesque
455 1453 664 1490 testudines
699 1453 966 1504 quaedamque
999 1451 1203 1503 serpentes
1225 1460 1330 1491 ortae
1359 1459 1466 1490 extra
1487 1465 1547 1487 ιιο

146 1530 296 1566 aquam,
319 1517 429 1554 simul
456 1529 501 1555 ac
528 1518 694 1566 primum
721 1519 789 1555 niti
819 1526 993 1568 possunt,
1014 1530 1154 1568 aquam
1174 1523 1463 1568 persequuntur.

146 1583 251 1629 Quin
270 1583 384 1620 etiam
405 1590 561 1620 anatum
581 1595 653 1620 ova
672 1584 822 1633 gallinis
843 1597 957 1634 saepe
977 1585 1256 1634 supponimus;
1284 1596 1306 1621 e
1326 1584 1463 1633 quibus

144 1648 234 1696 pulli
254 1648 325 1685 orti
345 1648 510 1696 primum
525 1647 675 1685 aluntur
690 1649 737 1685 ab
752 1648 821 1695 his,
835 1656 877 1686 ut
889 1662 911 1687 a
923 1651 1116 1694 matribus,
1134 1661 1155 1686 a
1167 1650 1305 1698 quibus
1321 1648 1464 1686 exclusi

143 1713 287 1762 fotique
315 1719 424 1759 sunt3
456 1712 597 1750 deinde
623 1725 688 1750 eas
716 1714 944 1764 relinquunt,
965 1721 1003 1752 et
1031 1714 1218 1763 effugiunt
1246 1720 1463 1763 sequentes,

145 1789 264 1826 quum
286 1778 452 1827 primum
473 1789 626 1826 aquam,
648 1779 755 1828 quasi
777 1779 988 1817 naturalem
1009 1779 1180 1824 domum,
1200 1778 1328 1816 videre
1348 1784 1462 1828 potu·-
1484 1795 1542 1826 115

142 1850 260 1879 erunt.
321 1842 491 1880 Tantam
504 1842 679 1891 ingenuit
698 1844 955 1882 animantibus
977 1843 1230 1882 conservandi
1250 1843 1307 1881 sui
1327 1850 1464 1882 natura.
1487 1858 1498 1869 ·

142 1907 366 1946 custodiam.

195 1976 233 2010 6.
263 1971 359 2020 Legi
392 1973 508 2009 etiam
542 1972 725 2022 scriptum
758 1986 844 2012 esse
873 1986 982 2012 avem
1010 1973 1230 2023 quamdam,
1251 1985 1349 2023 quae
1378 1973 1460 2023 pla-

142 2037 240 2074 talea
259 2038 542 2084 nominaretur3
573 2050 659 2075 eam
688 2039 759 2076 sibi
780 2039 909 2076 cibum
933 2050 1116 2087 quaerere
1142 2038 1386 2076 advolantem
1408 2038 1459 2075 ad

141 2115 206 2141 eas
223 2114 325 2147 aves,
346 2114 444 2151 quae
465 2114 506 2139 se
526 2103 565 2138 in
585 2104 680 2140 mari
699 2111 938 2153 mergerent;
968 2116 1066 2153 quae
1079 2115 1199 2152 quum
1214 2103 1458 2141 emersissent
1480 2117 1540 2138 120

138 2169 360 2217 piscemque
392 2167 594 2215 cepissent,
615 2179 736 2216 usque
767 2180 815 2205 eo
835 2180 1008 2217 premere
1039 2179 1170 2205 earum
1199 2167 1324 2215 capita
1351 2177 1455 2203 mor-

138 2233 257 2278 dicus,
278 2232 370 2269 dum
388 2231 472 2268 illae
498 2238 654 2280 captum
679 2234 904 2278 amitterent,
925 2233 965 2270 in
996 2233 1101 2282 quod
1135 2233 1220 2280 ipsa
1249 2232 1455 2269 invaderet.

137 2297 362 2346 Eademque
391 2296 488 2334 haec
519 2297 597 2334 avis
629 2297 802 2335 scribitur
839 2297 998 2336 conchis
1033 2309 1074 2335 se
1106 2297 1228 2335 solere
1262 2295 1456 2344 complere
