1668 2509
131 81 206 123 132
481 77 728 109 EXTRACTS
757 78 894 109 FROM
921 79 1102 110 CICERO.
1289 79 1444 110 Sect.111.

125 172 237 209 video
266 173 375 222 quasi
405 172 570 210 fatorum
596 173 707 210 viam.
765 172 869 210 Nam
893 185 1012 222 quum
1041 180 1147 210 aetas
1173 179 1239 210 tua
1261 180 1446 222 septenos

125 237 245 274 octies
291 238 380 275 solis
434 237 639 275 amfractus
678 239 897 287 reditusque
937 239 1173 283 converterit,
1214 238 1369 287 duoque
1406 238 1445 274 hi

125 303 285 348 numeri,
330 314 494 351 quorum
546 310 705 352 uterque
743 304 892 352 plenus,
931 304 1023 341 alter
1061 304 1178 341 altera
1229 303 1277 340 de
1317 315 1444 348 causa,
1464 308 1504 337 45

125 368 295 413 habetur,
335 369 492 406 circuitu
530 369 690 406 naturali
728 380 919 406 summam
971 369 1038 406 tibi
1075 368 1230 405 fatalem
1268 367 1445 405 confece-

127 434 212 478 rint,
248 434 287 470 in
316 440 353 470 te
386 445 507 470 unum
542 441 656 483 atque
689 434 729 470 in
760 441 867 471 tuum
898 446 1041 471 nomen
1073 446 1112 471 se
1143 440 1224 470 tota
1253 438 1446 470 convertet

127 498 279 535 civitas:
310 504 346 534 te
379 505 546 543 senatus,
578 505 614 535 te
647 510 783 536 omnes
814 499 918 545 boni,
955 505 991 536 te
1023 499 1128 545 socii,
1161 505 1197 535 te
1233 496 1358 534 Latini
1390 496 1446 533 in-

125 564 354 600 tuebuntur:
393 569 434 600 tu
473 563 544 600 eris
582 575 692 609 unus,
731 564 770 600 in
816 575 893 613 quo
937 564 1077 600 nitatur
1115 563 1272 600 civitatis
1321 561 1445 608 salus3

125 630 169 665 ‘ac
199 640 247 665 ne
280 628 410 672 multa,
443 628 606 665 dictator
639 641 719 666 rem
750 630 943 678 publicam
982 629 1191 666 constituas
1220 633 1382 676 oportet,
1415 626 1445 664 si
1465 635 1506 666 50

125 693 262 742 impias
283 694 587 742 propinquorum
608 706 744 731 manus
765 691 968 743 effugeris?

182 763 220 796 5.
253 757 358 795 ‘Sed
396 771 474 807 quo
514 760 576 805 sis,
608 759 799 803 Africane,
841 759 1001 796 alacrior
1039 758 1088 796 ad
1127 758 1327 796 tutandam
1365 769 1444 794 rem

128 824 332 873 publicam,
370 825 422 861 sie
453 825 616 861 habeto:
647 825 838 869 omnibus,
871 825 935 873 qui
974 825 1134 873 patriam
1174 822 1444 867 conservarint,

127 889 346 934 adiuverint,
377 890 562 934 auxerint,
585 897 729 927 certum
759 902 841 927 esse
871 890 910 926 in
940 889 1045 927 caclo
1075 888 1273 925 definitum
1303 888 1443 932 locum,

127 955 190 991 ubi
233 955 332 991 beati
370 967 464 992 aevo
504 956 736 1005 sempiterno
776 955 968 992 fruantur:
1009 954 1101 991 nihil
1147 961 1204 991 est
1252 953 1355 991 enirn
1393 953 1444 990 illi
1464 961 1503 992 55

127 1020 291 1070 principi
323 1021 408 1066 deo,
442 1022 506 1070 qui
537 1033 694 1059 omnem
723 1021 826 1058 hunc
865 1021 1051 1058 mundum
1089 1020 1195 1068 regit,
1226 1019 1332 1068 quod
1361 1018 1445 1067 qui-

127 1090 215 1127 dem
263 1091 302 1128 in
351 1092 457 1129 terris
495 1092 570 1137 fiat,
610 1092 813 1140 acceptius,
855 1103 970 1141 quam
1020 1090 1183 1128 concilia
1234 1096 1444 1138 coetusque

127 1156 328 1193 hominum
367 1157 446 1194 iure
486 1157 628 1202 sociati,
669 1169 766 1206 quae
805 1157 974 1194 civitates
1009 1155 1270 1205 appellantur:
1308 1153 1444 1190 harum

126 1228 292 1259 rectores
313 1229 348 1259 et
372 1230 658 1260 conservatores
678 1222 768 1259 hinc
790 1221 949 1270 profecti
970 1221 1045 1258 huc
1066 1218 1324 1257 revertuntur.’

181 1295 220 1328 6.
252 1289 330 1327 Hic
360 1300 445 1337 ego,
467 1288 537 1325 etsi
569 1300 671 1324 eram
701 1287 920 1336 perterritus
951 1297 1029 1323 non
1059 1293 1136 1322 tarn
1165 1292 1268 1321 metu
1297 1284 1444 1329 mortis,
1464 1289 1504 1321 60

128 1368 243 1405 quam
273 1354 495 1392 insidiarum
525 1365 547 1390 a
575 1353 682 1396 meis,
711 1352 880 1400 quaesivi
911 1358 1051 1395 tamen,
1081 1351 1270 1387 viveretne
1298 1349 1380 1398 ipse
1409 1354 1447 1386 et

127 1420 281 1458 Paullus
319 1425 429 1468 pater
467 1425 504 1454 et
543 1418 615 1462 alii,
656 1429 755 1466 quos
794 1428 865 1453 nos
911 1417 1120 1453 exstinetos
1168 1416 1444 1452 arbitraremur.

129 1486 281 1522 ‘Immo
314 1484 428 1528 vero,’
459 1484 590 1532 inquit,
623 1483 668 1519 ‘ii
698 1483 838 1527 vivunt,
869 1482 933 1531 qui
963 1493 1010 1518 ex
1041 1492 1247 1530 corporum
1276 1479 1445 1523 vinculis,

130 1560 329 1600 tamquam
359 1561 379 1586 6
409 1561 558 1586 carcere
589 1548 853 1585 evolaverunt:
888 1554 1012 1583 vestra
1041 1558 1141 1590 vero,
1172 1557 1270 1594 quae
1300 1545 1445 1590 dicitur,

130 1617 205 1653 vita
235 1627 340 1652 mors
374 1621 443 1651 est.
502 1612 607 1659 Quin
638 1619 678 1649 tu
712 1612 850 1665 aspicis
882 1611 930 1648 ad
964 1618 999 1647 te
1030 1611 1244 1647 venientem
1273 1609 1445 1646 Paullum
1465 1613 1501 1653 65

130 1679 330 1731 patrem?'
388 1678 517 1724 Quem
545 1678 611 1714 ubi
640 1677 726 1722 vidi,
757 1676 935 1725 equidem
973 1676 1048 1711 vim
1087 1675 1325 1711 lacrimarum
1359 1685 1446 1722 pro-

130 1746 210 1783 sudi
226 1759 236 1791 3
276 1745 335 1782 ille
370 1752 498 1780 autem
527 1755 589 1780 me
618 1742 843 1790 complexus
882 1748 996 1790 atque
1026 1740 1205 1777 osculans
1239 1739 1329 1776 flere
1359 1750 1447 1788 pro-

129 1811 295 1848 bibebat.

188 1881 224 1915 7.
254 1876 383 1924 Atque
428 1886 502 1923 ego
540 1880 581 1910 ut
618 1873 794 1922 primum,
834 1871 924 1909 fietu
962 1881 1149 1920 represso,
1187 1869 1292 1918 loqui
1331 1881 1446 1918 posse

91 1958 94 1964 ·
135 1942 262 1990 coepi,
288 1938 491 1985 ‘Quaeso,’
523 1939 691 1986 inquam,
724 1940 852 1986 ‘pater
882 1936 1117 1973 sanctissime
1146 1941 1258 1983 atque
1291 1935 1446 1983 optime,
1466 1950 1506 1981 70

135 2006 320 2056 quoniam
350 2005 445 2041 haec
480 2010 537 2040 est
574 2003 658 2047 vita,
694 2008 734 2038 ut
771 2001 996 2038 Africanum
1031 1999 1143 2036 audio
1178 1999 1315 2045 dicere,
1354 1999 1446 2047 quid

131 2083 260 2108 moror
288 2071 328 2108 in
355 2069 487 2106 terris?
517 2069 608 2117 quin
632 2067 708 2104 huc
732 2067 781 2103 ad
806 2078 874 2103 vos
900 2065 1027 2101 venire
1054 2065 1247 2113 propero?
1263 2062 1272 2076 '
1330 2064 1445 2101 ‘Non

131 2144 188 2174 est
209 2135 281 2181 ita‚'
303 2134 424 2183 inquit
449 2134 521 2170 ille.
580 2135 589 2150 ‘
605 2132 690 2169 Nisi
719 2131 822 2168 enim
843 2130 936 2167 deus
965 2130 1009 2173 is,
1030 2129 1137 2166 cuius
1157 2129 1232 2166 hoc
1259 2129 1444 2177 templum

131 2208 188 2239 est
216 2213 332 2238 omne
361 2198 466 2248 quod
494 2197 699 2246 conspicis,
726 2195 806 2232 istis
834 2201 870 2231 te
900 2194 1070 2243 corporis
1100 2194 1282 2231 custodiis
1309 2194 1444 2231 libera-

130 2268 232 2313 verit,
263 2267 338 2305 huc
375 2265 442 2302 tibi
473 2264 596 2300 aditus
629 2267 758 2311 patere
797 2272 876 2297 non
914 2266 1053 2309 potest.
1112 2259 1304 2297 Homines
1343 2260 1443 2296 enim
1464 2273 1500 2303 75

131 2340 219 2370 sunt
246 2332 318 2370 hac
346 2331 431 2380 lege
460 2327 641 2378 generati,
671 2327 735 2376 qui
770 2331 960 2363 tuerentur
992 2324 1096 2361 illum
1125 2323 1297 2372 globum,
1328 2336 1443 2374 quem
