1668 2509
119 166 162 196 40

175 52 271 92 Chap.
289 51 330 84 11.
575 51 730 84 OMENS
759 51 859 82 AND
888 51 1095 82 DREAMS.
1415 53 1433 82 1
1445 54 1461 81 1
1474 54 1490 81 1

179 150 366 189 diderunt.
422 152 551 202 Atque
580 153 695 191 etiam
725 159 814 190 ante
848 151 920 190 hos
957 152 1217 201 Amphiaraus
1246 158 1285 189 et
1313 150 1496 196 Tiresias,

177 227 258 253 non
295 216 459 255 humiles
496 225 536 255 et
573 218 737 263 obscuri,
777 229 905 266 neque
943 228 1080 254 eorum
1118 217 1273 262 similes,
1312 223 1354 252 ut
1392 214 1496 264 apud

177 280 347 319 Ennium
367 290 436 328 est,

350 346 405 387 qui
428 346 478 378 sui
500 353 651 388 quaestus
675 357 771 378 causa
795 346 885 378 fictas
908 346 1065 378 suscitant
1088 350 1274 382 sententias,

125 394 143 437 ’.
178 400 245 439 sed
274 401 363 439 clari
382 409 419 439 et
439 411 676 452 praestantes
695 403 774 448 viri,
794 403 859 452 qui
879 403 1012 440 avibus
1032 410 1069 439 et
1089 402 1207 450 signis
1230 401 1419 439 admoniti
1439 400 1498 438 fu-

120 813 162 844 50

121 1145 161 1167 0³

120 1448 163 1481 60

141 489 155 519 2
178 473 260 504 tura
276 466 465 505 dicebant.
500 466 678 514 Quorum
695 468 742 505 de
758 467 876 504 altero
891 467 1007 505 etiam
1020 467 1125 516 apud
1139 465 1283 503 inferos
1300 465 1498 502 Homerus

177 531 238 577 ait,
261 531 386 569 solum
406 544 551 581 sapere,
572 541 720 569 ceteros
741 533 962 569 umbrarum
982 532 1110 580 vagari
1130 531 1263 568 modo.
1309 529 1498 579 Amphia-

178 608 287 633 raum
307 603 435 634 autem
455 597 509 634 sic
528 597 730 634 honoravit
750 597 853 634 fama
873 595 1071 641 Graeciae,
1095 596 1189 633 deus
1213 603 1254 632 ut
1283 595 1499 640 haberetur,

179 669 292 710 atque
311 668 353 699 ut
372 663 420 700 ab
441 663 521 699 eius
538 662 634 707 solo,
649 662 688 699 in
707 674 785 712 quo
807 669 864 699 est
883 661 1075 706 humatus,
1093 661 1248 698 oracula
1267 667 1497 709 peterentur.

179 725 310 772 Quid?
338 726 455 764 Asiae
475 739 540 764 rex
561 726 733 764 Priamus
754 739 885 764 nonne
912 734 950 764 et
977 726 1173 763 Helenum
1199 725 1317 762 filium
1347 732 1384 762 et
1404 724 1499 762 Cas-

180 791 358 829 sandram
378 791 493 829 filiam
523 792 736 830 divinantes
763 792 939 838 habebat,
961 791 1120 829 alterum
1140 791 1320 839 auguriis,
1341 790 1498 827 alteram

178 857 317 894 mentis
347 857 568 894 incitatione
602 865 639 895 et
671 858 913 906 permotione
948 857 1101 894 divina?
1159 855 1250 901 Quo
1283 856 1323 892 in
1356 866 1500 903 genere

179 921 348 960 Marcios
377 921 568 971 quosdam
597 922 739 968 fratres,
769 922 886 960 nobili
918 922 1006 959 loco
1041 929 1165 967 natos,
1198 920 1302 969 apud
1335 920 1499 957 maiores

179 995 333 1024 nostros
366 986 483 1024 fuisse
515 987 699 1036 scriptum
727 987 909 1024 videmus.
968 986 1096 1033 Quid?
1126 985 1329 1034 Polyidum
1359 984 1498 1022 Corin-

180 1051 300 1089 thium
321 1064 452 1089 nonne
473 1051 671 1090 Homerus
691 1059 729 1089 et
748 1052 830 1089 aliis
849 1052 978 1097 multa,
1001 1059 1038 1089 et
1057 1051 1134 1088 filio
1159 1051 1208 1088 ad
1228 1049 1389 1086 Troiam
1410 1062 1498 1098 pro-

125 1136 159 1143 --
182 1118 363 1178 ficiscenti
382 1125 547 1155 mortem
567 1117 801 1166 praedixisse
830 1116 1136 1155 commemorat?
1193 1115 1366 1154 Omnino
1395 1115 1499 1164 apud

180 1190 324 1221 veteres
353 1182 417 1232 qui
445 1194 572 1220 rerum
592 1183 835 1231 potiebantur
863 1182 980 1219 iidem
1010 1182 1169 1230 auguria
1196 1181 1390 1218 tenebant.
1446 1179 1500 1217 Ut

180 1249 283 1286 enim
304 1259 450 1296 sapere,
473 1247 528 1285 sic
557 1247 724 1284 divinare
743 1247 871 1296 regale
892 1246 1096 1284 ducebant.
1140 1245 1270 1283 Testis
1290 1252 1348 1282 est
1368 1252 1499 1282 nostra

179 1313 321 1358 civitas,
342 1313 381 1350 in
400 1324 477 1361 qua
496 1319 533 1349 et
551 1324 662 1360 reges
681 1323 856 1360 augures,
877 1319 916 1348 et
944 1319 1079 1360 postea
1107 1310 1240 1360 privati
1270 1310 1410 1347 eodem
1439 1322 1499 1347 sa-

179 1377 352 1416 cerdotio
381 1377 541 1427 praediti
573 1376 851 1426 rempublicam
889 1376 1118 1425 religionum
1156 1376 1378 1413 auctoritate
1415 1386 1499 1412 rex-

180 1450 301 1482 erunt.

234 1512 274 1546 3.
301 1507 436 1557 anue
456 1507 733 1544 divinationum
760 1506 856 1545 ratio
886 1519 936 1544 ne
965 1506 1005 1543 in
1032 1506 1202 1544 barbaris
1228 1505 1382 1554 quidem
1406 1517 1499 1554 gen-

180 1575 282 1612 tibus
311 1573 486 1622 neglecta
514 1579 583 1618 est,
613 1572 645 1609 si
674 1572 830 1621 quidem
857 1579 895 1609 et
922 1572 962 1608 in
995 1570 1120 1609 Gallia
1156 1570 1326 1608 Druidae
1355 1577 1454 1614 sunt,
1479 1582 1500 1607 e

182 1640 322 1690 quibus
359 1639 440 1687 ipse
475 1637 708 1675 Divitiacum
737 1637 920 1674 Aeduum
959 1636 1135 1685 cognovi,
1165 1635 1230 1684 qui
1269 1642 1306 1672 et
1342 1642 1500 1672 naturae

182 1705 381 1749 rationem,
402 1715 519 1753 quam
547 1702 832 1751 physiologiam
861 1700 1000 1739 Graeci
1029 1700 1235 1750 appellant,
1256 1708 1390 1737 notam
1416 1712 1501 1737 esse

150 1787 162 1793 -
184 1770 256 1807 sibi
275 1769 535 1819 profitebatur,
555 1774 593 1804 et
620 1767 760 1816 partim
786 1767 964 1815 auguriis,
985 1766 1123 1815 partim
1152 1765 1382 1810 coniectura,
1404 1777 1502 1814 quae

185 1841 316 1873 essent
342 1833 469 1870 futura
497 1832 659 1877 dicebat,
687 1838 725 1868 et
762 1831 801 1868 in
835 1831 961 1868 Persis
999 1836 1231 1880 augurantur
1263 1836 1302 1867 et
1334 1830 1504 1868 divinant

186 1899 307 1948 Magi,
336 1898 401 1948 qui
429 1905 714 1947 congregantur
741 1897 781 1933 in
809 1895 900 1933 fano
931 1895 1221 1933 commentandi
1245 1907 1363 1933 causa
1388 1902 1502 1945 atque

186 1965 284 2002 inter
304 1975 344 2001 se
364 1963 632 2012 colloquendi:
661 1961 768 2014 quod
787 1962 903 1999 etiam
931 1960 1033 1998 idem
1052 1972 1121 1998 vos
1150 1960 1350 2010 quondam
1377 1960 1503 1998 facere

187 2029 314 2067 Nonis
343 2028 535 2066 solebatis.
590 2026 674 2064 Nec
704 2026 908 2077 quisquam
934 2038 1002 2064 rex
1030 2025 1233 2063 Persarum
1258 2032 1387 2074 potest
1407 2038 1503 2072 esse,

188 2094 254 2144 qui
273 2105 355 2130 non
373 2100 462 2130 ante
483 2104 687 2141 magorum
713 2091 956 2141 disciplinam
980 2091 1255 2139 scientiamque
1281 2092 1503 2139 perceperit.

189 2158 298 2196 Licet
325 2164 455 2195 autem
473 2156 601 2194 videre
626 2163 664 2194 et
689 2169 831 2206 genera
854 2155 1046 2204 quaedam
1073 2162 1110 2193 et
1129 2155 1304 2192 nationes
1324 2154 1412 2192 huic
1433 2156 1504 2192 sci-

191 2224 315 2262 entiae
335 2222 494 2261 deditas.
550 2221 775 2259 Telmessus
794 2221 834 2258 in
855 2220 968 2258 Caria
987 2227 1054 2265 est,
1075 2232 1152 2268 qua
1171 2219 1210 2256 in
1238 2220 1331 2256 urbe
1358 2221 1505 2258 excellit

191 2287 438 2338 haruspicum
457 2286 680 2336 disciplina:
708 2286 877 2336 itemque
896 2283 976 2322 Elis
996 2284 1035 2320 in
1051 2283 1323 2333 Peloponneso
1343 2283 1504 2335 familias
