1668 2509
93 123 97 126 Δ
133 94 209 135 172
472 91 716 125 EXTRACTS
744 93 881 124 FROM
909 71 1088 125 0¹10ERO.
1296 96 1373 127 sect.
1391 95 1447 128 ιν.

181 197 247 231 10.
277 192 381 230 Nam
415 205 534 242 quum
564 193 683 231 tribus
721 194 834 231 rebus
868 193 1119 231 animantium
1151 194 1228 232 vita
1261 201 1446 242 teneatur,

128 259 226 303 cibo,
248 259 418 307 potione,
441 259 574 307 spiritu
586 271 596 305 ;
625 259 675 296 ad
694 258 789 296 haec
810 259 942 296 omnia
961 259 1210 307 percipienda
1228 272 1273 297 os
1302 267 1359 298 est
1379 273 1447 310 ap-

126 325 338 362 tissimum:
369 324 475 373 quod
496 324 682 362 adiunctis
702 325 857 361 naribus
879 324 1011 373 spiritu
1029 331 1201 373 augetur.
1255 324 1448 364 Dentibus

128 396 255 427 autem
281 389 320 425 in
344 401 410 426 ore
438 390 664 427 constructis
687 390 892 435 manditur,
912 396 1025 439 atque
1054 389 1102 426 ab
1132 389 1190 427 his
1219 397 1446 429 extenuatur

127 462 163 492 et
183 454 336 491 molitur
357 455 475 491 cibus.
527 454 673 492 Eorum
694 454 841 492 adversi
861 455 960 491 acuti
980 466 1110 491 morsu
1132 455 1304 492 dividunt
1324 467 1446 502 escas,
1465 472 1527 503 230

128 520 247 558 intimi
263 525 390 556 autem
407 519 624 564 conficiunt,
643 520 707 569 qui
728 519 884 568 genuini
903 527 1108 565 vocantur;
1138 515 1237 569 quae
1257 519 1448 557 confectio

127 585 240 624 etiam
262 597 283 621 a
304 585 434 633 lingua
461 584 628 622 adiuvari
651 585 810 622 videtur.
873 584 1065 633 Linguam
1085 591 1212 622 autem
1234 584 1282 622 ad
1302 585 1449 622 radices

118 651 208 688 'eius
237 650 400 688 haerens
429 651 572 699 excipit
601 649 833 696 stomachus,
855 661 932 699 quo
962 650 1128 699 primum
1156 650 1361 687 illabuntur
1388 662 1446 695 ea,

127 729 225 766 quae
242 722 401 765 accepta
417 724 504 754 sunt
520 728 598 754 ore.
637 716 676 754 Is
692 723 851 765 utraque
870 728 916 753 ex
937 723 1044 765 parte
1065 716 1235 754 tonsillas
1256 717 1447 765 attingens

127 783 254 832 palato
277 788 448 819 extremo
469 788 582 830 atque
603 782 737 819 intimo
758 782 991 819 terminatur.
1029 781 1158 830 Atque
1177 781 1221 827 is,
1238 782 1446 830 agitatione
1465 797 1524 830 ²35

127 854 164 885 et
185 848 353 885 motibus
372 848 525 896 linguae
546 859 666 896 quum
686 847 888 896 depulsum
912 854 949 884 et
974 847 1082 895 quasi
1102 846 1297 884 detrusum
1318 846 1447 884 cibum

129 914 286 962 accepit,
308 913 476 962 depellit.
516 912 640 961 Ipsius
661 920 787 950 autem
808 918 936 961 partes
956 924 1035 957 eae,
1053 924 1150 960 quae
1170 919 1258 949 sunt
1277 912 1375 949 infra
1396 912 1447 957 id,

129 980 236 1029 quod
255 980 469 1024 devoratur,
491 979 713 1015 dilatantur:
744 989 842 1026 quae
869 983 996 1015 autem
1015 989 1140 1026 supra,
1162 977 1447 1014 contrahuntur.

131 1045 207 1083 Sed
236 1057 355 1094 quum
384 1055 521 1092 aspera
555 1043 688 1081 arteria
723 1041 793 1094 (sic
831 1043 934 1080 enim
969 1054 991 1079 a
1023 1042 1182 1079 medicis
1217 1042 1445 1091 appellatur)

131 1111 272 1148 ostium
303 1109 452 1154 habeat,
484 1109 708 1146 adiunctum
742 1108 893 1157 linguae
931 1108 1133 1153 radicibus,
1168 1108 1294 1157 paullo
1333 1119 1449 1156 supra
1467 1124 1529 1157 240

131 1188 248 1226 quam
268 1175 317 1212 ad
337 1175 506 1223 linguam
535 1174 756 1211 stomachus
783 1174 1005 1219 annectitur,
1027 1186 1147 1224 eaque
1175 1174 1224 1211 ad
1244 1173 1449 1223 pulmones

130 1253 252 1291 usque
273 1240 459 1289 pertineat
479 1240 718 1288 excipiatque
740 1239 907 1275 animam
930 1250 1026 1284 eam,
1048 1251 1145 1288 quae
1166 1239 1279 1276 ducta
1302 1239 1348 1276 sit
1374 1238 1451 1287 spi-

131 1308 214 1352 ritu,
245 1305 498 1354 eamdemque
533 1317 556 1342 a
588 1304 836 1354 pulmonibus
863 1303 1022 1352 respiret
1049 1310 1086 1341 et
1118 1304 1273 1341 reddat:
1312 1303 1451 1352 tegitur

134 1372 305 1422 quodam
327 1370 435 1419 quasi
455 1369 647 1418 operculo,
668 1369 775 1417 quod
795 1370 846 1406 ob
866 1381 952 1406 eam
972 1381 1128 1406 causam
1148 1369 1279 1406 datum
1299 1375 1366 1413 est,
1387 1380 1449 1414 ne,

134 1438 165 1475 si
186 1437 279 1486 quid
299 1436 337 1472 in
357 1447 442 1473 eam
463 1435 537 1472 cibi
558 1434 653 1472 forte
673 1435 878 1479 incidisset,
900 1435 1051 1483 spiritus
1071 1434 1326 1484 impediretur.
1373 1433 1450 1471 Sed
1470 1441 1527 1474 ²45

134 1516 253 1553 quum
281 1502 352 1539 alvi
378 1508 524 1546 natura,
545 1501 715 1538 subiecta
742 1500 952 1545 stomacho,
974 1501 1047 1537 cibi
1075 1507 1112 1537 et
1140 1500 1309 1549 potionis
1328 1500 1374 1537 sit
1393 1511 1452 1537 re-

137 1567 388 1618 ceptaculum,
409 1566 613 1615 pulmones
636 1572 763 1602 autem
788 1572 824 1602 et
853 1577 920 1602 cor
939 1566 1174 1602 extrinsecus
1195 1565 1368 1613 spiritum
1387 1563 1453 1601 ad-

136 1635 300 1672 ducant:
328 1632 368 1669 in
395 1631 478 1668 alvo
505 1630 624 1667 multa
650 1637 737 1667 sunt
765 1630 981 1667 mirabiliter
1008 1630 1155 1675 effecta,
1177 1642 1274 1679 quae
1303 1635 1454 1667 constat

136 1699 214 1737 fere
244 1711 265 1736 e
293 1697 429 1734 nervis.
484 1696 553 1732 Est
573 1702 701 1733 autern
726 1695 923 1744 multiplex
944 1702 980 1732 et
1008 1701 1180 1733 tortuosa
1208 1700 1386 1743 arcetque
1415 1700 1453 1731 et

137 1764 318 1808 continet,
341 1763 417 1799 sive
446 1761 538 1797 illud
566 1760 714 1797 aridum
743 1767 810 1805 est,
840 1760 917 1797 sive
945 1759 1154 1804 humidum,
1177 1759 1282 1808 quod
1307 1758 1452 1807 recipit,
1471 1775 1533 1806 250

138 1835 179 1865 ut
199 1829 238 1865 id
258 1826 396 1864 mutari
421 1832 458 1863 et
483 1825 676 1873 concoqui
702 1826 845 1873 possit;
875 1836 997 1874 eaque
1023 1832 1104 1861 tum
1123 1824 1351 1872 astringitur,
1372 1830 1454 1860 turn

138 1893 339 1936 relaxatur,
360 1898 473 1940 atque
503 1902 631 1935 omne,
653 1890 760 1938 quod
789 1890 937 1938 accipit,
958 1890 1062 1938 cogit
1089 1895 1126 1926 et
1154 1888 1377 1935 confundit3
1413 1893 1457 1926 ut

139 1958 248 1995 facile
269 1964 306 1994 et
326 1957 463 2000 calore,
485 1967 601 2004 quem
624 1954 786 1991 multum
811 1953 935 1999 habet,
956 1954 1164 1991 exterendo
1184 1954 1272 1991 cibo
1292 1960 1330 1991 et
1349 1965 1457 2002 prae-

139 2031 244 2060 terea
264 2022 395 2070 spiritu
415 2021 547 2057 omnia
573 2026 684 2057 cocta
712 2026 826 2067 atque
853 2018 1029 2056 confecta
1051 2019 1091 2055 in
1109 2018 1297 2067 reliquum
1316 2029 1457 2067 corpus

142 2087 366 2127 dividantur.
423 2085 469 2122 In
497 2084 745 2133 pulmonibus
765 2090 894 2120 autem
921 2083 1017 2121 inest
1044 2084 1176 2121 raritas
1205 2084 1394 2133 quaedam
1419 2089 1457 2121 et
1474 2093 1534 2126 255

143 2152 319 2191 assimilis
347 2150 522 2200 spongiis
550 2149 762 2194 mollitudo,
782 2148 832 2185 ad
860 2148 1113 2185 hauriendum
1142 2150 1314 2197 spiritum
1342 2149 1458 2198 aptis-

145 2219 264 2256 sima:
294 2216 359 2265 qui
379 2221 461 2251 tum
482 2225 522 2251 se
547 2212 776 2251 contrahunt
804 2212 1025 2260 aspirantes,
1045 2220 1126 2250 tum
1153 2213 1338 2262 respiratu
1366 2213 1459 2250 dila-

147 2290 238 2328 tant,
257 2288 299 2319 ut
318 2280 535 2329 frequenter
554 2278 713 2315 ducatur
732 2277 839 2315 cibus
859 2277 1043 2322 animalis,
1063 2289 1141 2326 quo
1168 2278 1334 2316 maxime
1353 2278 1461 2314 alun-

148 2356 207 2386 tur
226 2347 450 2384 animantes.
488 2343 549 2381 Ex
567 2342 755 2380 intestinis
774 2347 902 2379 autem
920 2347 959 2379 et
977 2341 1062 2379 alvo
1086 2349 1252 2379 secretus
1272 2354 1295 2379 a
1313 2342 1460 2392 reliquo
