1668 2509
133 63 246 106 ,Chap.
268 63 306 96 11.
549 63 706 95 OMENS
735 61 835 94 ΛΝΒ
863 61 1068 95 DREAMS.
1387 64 1466 109 109

93 177 132 210 55
153 163 295 202 debent
324 175 421 202 esse.
476 162 595 213 Atqui
620 169 657 201 et
687 169 907 202 nostrorum
934 175 1123 214 augurum
1149 168 1186 200 et
1218 160 1468 200 Etruscorum

151 229 398 278 haruspicum
435 228 675 278 disciplinam
712 228 753 266 P.
775 227 964 278 Scipione,
1003 229 1045 267 C.
1070 227 1207 278 Figulo
1245 226 1468 265 consulibus

151 306 212 332 res
232 294 316 344 ipsa
341 294 535 344 probavit:
565 305 664 344 quos
690 305 809 343 quum
839 293 900 332 Ti.
926 293 1135 338 Gracchus,
1157 292 1291 331 consul
1320 291 1468 338 iterum,

154 366 308 405 crearet,
330 360 475 409 primus
501 366 732 409 rogatorum,
753 365 794 396 ut
815 370 881 397 eos
907 359 1042 405 retulit,
1063 358 1207 397 ibidem
1233 364 1289 395 est
1311 363 1468 406 repente

154 433 336 463 mortuus.
394 424 592 463 Gracchus
630 436 749 474 quum
783 424 938 463 comitia
970 424 1218 462 nihilominus
1244 423 1467 472 peregisset,

95 498 136 528 60
154 502 311 541 remque
331 490 432 528 illam
451 491 490 527 in
510 491 734 540 religionem
761 490 907 540 populo
935 490 1085 528 venisse
1106 491 1271 536 sentiret,
1291 488 1340 527 ad
1360 500 1471 526 sena-

154 563 235 594 tum
265 556 398 594 retulit.
456 555 619 594 Senatus
653 568 752 605 quos
785 556 835 593 ad
866 555 1005 593 soleret
1037 554 1279 593 referendum
1310 554 1469 593 censuit.

156 623 392 672 Haruspices
417 622 622 660 introducti
642 621 920 670 responderunt
946 631 1027 658 non
1046 620 1163 659 fuisse
1189 621 1330 659 iustum
1350 619 1469 658 comi-

155 688 294 726 tiorum
323 694 553 737 rogatorem.
609 686 713 724 Tum
745 686 955 731 Gracchus,
989 692 1030 723 ut
1055 698 1077 723 e
1109 692 1216 735 patre
1254 685 1468 730 audiebam,

154 753 333 790 incensus
353 752 417 799 ira,
439 751 569 789 ‘Itane
589 752 704 789 vero?
734 763 809 800 ego
826 763 904 788 non
917 751 1047 797 iustus,
1064 751 1130 799 qui
1142 756 1180 788 et
1191 749 1327 789 consul
1341 749 1469 798 rogavi

95 815 133 856 65
155 823 192 855 et
212 829 332 867 augur
350 824 387 855 et
407 817 632 866 auspicato?
661 828 710 854 an
727 828 807 863 vos,
829 815 948 853 Tusci
967 828 1011 854 ac
1030 816 1190 862 barbari,
1211 815 1471 865 auspiciorum

155 883 286 932 populi
320 882 490 920 Romani
523 882 580 921 ius
613 882 749 919 tenetis
779 888 816 919 et
848 881 1072 931 interpretes
1106 893 1190 919 esse
1228 881 1470 919 comitiorum

154 947 315 998 potestis
327 947 351 986 ?'
399 947 533 996 Itaque
554 954 634 984 tum
654 947 738 984 illos
758 946 861 984 exire
880 946 995 984 iussit.
1051 945 1145 984 Post
1164 952 1292 984 autem
1311 957 1358 983 ex
1378 957 1471 995 pro·

155 1013 279 1050 vincia
297 1012 438 1050 litteras
458 1012 507 1050 ad
533 1012 736 1061 collegium
759 1011 870 1056 misit,
892 1023 942 1057 se,
964 1023 1084 1061 quum
1102 1011 1245 1061 legeret
1263 1011 1394 1056 libros,
1408 1023 1471 1049 re-

156 1077 355 1115 cordatum
375 1088 471 1124 esse,
490 1078 580 1115 vitio
607 1077 678 1114 sibi
704 1076 991 1114 tabernaculum
1015 1084 1171 1126 captum
1189 1076 1318 1123 fuisse,
1338 1076 1472 1114 hortos

98 1155 138 1188 70
158 1142 359 1192 Scipionis,
380 1141 496 1192 quod,
517 1154 636 1192 quum
668 1142 909 1191 pomoerium
929 1149 1064 1191 postea
1095 1142 1272 1180 intrasset
1303 1140 1472 1179 habendi

157 1214 310 1245 senatus
330 1219 456 1253 causa,
476 1207 516 1244 in
542 1207 749 1253 redeundo,
771 1219 888 1256 quum
914 1206 1016 1244 idem
1041 1207 1258 1256 pomerium
1284 1207 1471 1253 transiret,

155 1273 342 1323 auspicari
380 1279 480 1311 esset
509 1273 670 1311 oblitus:
711 1273 839 1322 itaque
872 1272 961 1310 vitio
990 1280 1139 1311 creatos
1168 1272 1344 1311 consules
1373 1285 1470 1311 esse.

154 1338 331 1387 Augures
349 1350 431 1375 rem
457 1338 505 1376 ad
534 1345 730 1376 senatum:
760 1345 923 1385 senatus,
944 1344 986 1375 ut
1014 1338 1235 1376 abdicarent
1269 1338 1470 1376 consules:

155 1402 437 1441 abdicaverunt.
495 1402 607 1449 Quae
627 1403 844 1452 quaerimus
864 1403 1040 1452 exempla
1054 1403 1226 1441 maiora?
1281 1403 1352 1440 Vir
1373 1403 1474 1453 sapi-

99 1479 137 1512 75
156 1468 374 1506 entissimus
414 1474 528 1518 atque
565 1468 667 1506 haud
705 1467 785 1506 scio
824 1480 873 1506 an
910 1468 1085 1506 omnium
1121 1469 1472 1518 praestantissimus

156 1540 359 1583 peccatum
392 1545 516 1579 suum,
541 1533 647 1583 quod
677 1533 790 1571 celari
821 1540 963 1583 posset,
988 1533 1160 1572 confiteri
1191 1534 1333 1579 maluit,
1355 1546 1473 1583 quam

156 1599 311 1636 haerere
344 1598 383 1635 in
415 1599 611 1647 republica
642 1598 892 1647 religionem:
922 1598 1100 1636 consules
1129 1611 1324 1637 summurn
1350 1599 1474 1648 impe·

157 1664 256 1702 rium
288 1663 414 1701 statim
447 1663 652 1712 deponere,
686 1675 802 1714 quam
835 1662 875 1701 id
907 1670 1037 1702 tenere
1070 1671 1259 1715 punctum
1289 1664 1474 1714 temporis

158 1735 292 1767 contra
317 1728 553 1778 religionem.

676 1920 866 1960 CHAP.
907 1921 959 1961 ΙΙ.

211 2054 247 2089 1.
279 2048 384 2096 Quid
411 2055 468 2087 est
493 2048 615 2098 igitur,
637 2061 702 2087 cur
726 2048 979 2087 dubitandum
1004 2048 1062 2096 sit,
1084 2049 1177 2100 quin
1203 2048 1279 2088 sint
1297 2061 1354 2096 ea,
1375 2061 1473 2099 quae

159 2115 358 2166 disputavi,
394 2114 614 2152 verissima?
671 2113 710 2152 Si
747 2115 844 2152 ratio
882 2126 1035 2152 mecum
1072 2114 1173 2161 facit,
1203 2115 1233 2152 si
1262 2121 1406 2160 eventa,
1442 2114 1475 2152 si

159 2181 304 2231 populi,
333 2179 364 2218 si
393 2178 581 2223 nationes,
614 2178 646 2216 si
676 2178 826 2225 Graeci,
853 2179 885 2217 si
914 2180 1076 2226 barbari,
1102 2179 1134 2218 si
1165 2179 1328 2217 maiores
1359 2179 1474 2216 etiam

161 2246 291 2291 nostri,
321 2244 352 2282 si
383 2243 546 2292 denique
576 2242 650 2280 hoc
683 2255 836 2293 semper
865 2244 917 2281 ita
949 2250 1123 2294 putatum
1155 2245 1238 2282 est?
1272 2244 1302 2281 si
1333 2244 1474 2281 summi

126 2321 144 2354 5
162 2309 394 2360 philosophi,
424 2309 455 2347 si
491 2315 640 2359 poetae,
668 2308 700 2346 si
737 2309 1005 2358 sapientissimi
1032 2309 1110 2356 viri,
1139 2309 1204 2359 qui
1237 2307 1471 2358 respublicas
