1668 2509
135 77 230 117 chap.
247 76 298 107 VI.
527 75 683 106 OMENS
713 75 812 105 ΛΝΒ
842 74 1050 107 DREAMS.
1378 78 1454 120 129

136 171 407 217 conscendere,
438 172 588 210 moneri
618 171 722 209 visus
753 177 811 208 est
841 183 890 209 ne
921 170 960 208 id
993 171 1134 208 faceret
1165 171 1214 209 ab
1253 182 1300 209 eo
1339 182 1454 219 quem

136 237 328 286 sepultura
356 237 556 283 affecerat;
588 236 619 275 si
643 237 869 286 navigasset,
900 248 988 274 eum
1018 235 1219 285 naufragio
1244 248 1328 273 esse
1355 238 1453 284 peri-

136 309 261 340 turum
273 315 284 348 ;
312 302 440 351 itaque
472 302 710 340 Simonidem
735 302 906 348 redisse3
934 301 1078 351 perisse
1105 309 1264 346 ceteros,
1284 300 1349 349 qui
1372 308 1452 337 turn

58 378 114 407 145
136 368 404 416 navigassent:
443 367 602 405 alterum
632 367 684 404 ita
713 367 903 412 traditum,
934 365 1078 403 clarum
1110 366 1321 403 admodum
1352 376 1454 402 som-

136 433 259 470 nium:

189 502 250 537 13.
281 510 400 548 quum
429 498 507 536 duo
537 498 693 548 quidam
723 497 894 535 Arcades
922 496 1125 535 familiares
1153 498 1222 536 iter
1249 510 1327 536 una
1356 499 1456 537 sace-

136 571 229 609 rent,
250 571 287 602 et
307 563 508 613 Megaram
527 563 731 608 venissent,
752 563 910 600 alterum
931 563 980 600 ad
996 575 1213 611 cauponem
1234 564 1453 610 devertisse,

137 630 186 668 ad
210 630 400 679 hospitem
426 629 596 666 alterum.
662 628 741 674 Qui
768 636 809 666 ut
830 628 978 665 caenati
998 628 1247 677 quiescerent,
1269 630 1458 666 concubia

59 713 118 744 150
137 701 252 733 nocte
284 695 407 732 visum
441 706 525 731 esse
554 694 593 731 in
623 694 770 731 somnis
799 693 845 736 ei,
876 694 941 742 qui
969 700 1048 730 erat
1076 693 1115 729 in
1144 693 1324 743 hospitio,
1352 695 1457 731 illurn

137 762 297 799 alterurn
325 772 433 797 orare
462 766 503 796 ut
533 759 762 804 subveniret,
793 758 898 808 quod
927 758 997 795 sibi
1025 771 1047 795 a
1078 770 1255 807 caupone
1283 759 1457 797 interitus

138 833 353 877 pararetur;
384 837 472 863 eum
498 825 624 874 primo
653 824 890 874 perterritum
922 823 1075 861 somnio
1105 825 1335 870 surrexisse3
1368 825 1457 862 dein

138 904 257 942 quum
286 903 327 929 se
347 891 565 939 collegisset
590 889 706 939 idque
735 890 858 926 visum
886 900 957 937 pro
978 889 1098 925 nihilo
1126 888 1349 926 habendum
1374 902 1459 927 esse

138 956 318 1001 duxisset,
338 956 560 993 recubuisse
574 967 584 1001 ;
613 962 695 991 tum
711 954 744 991 ei
766 954 967 991 dormienti
993 954 1173 991 eumdem
1203 954 1308 991 illum
1335 956 1459 992 visum

62 1029 117 1062 ¹55
138 1034 222 1060 esse
250 1033 388 1070 rogare
416 1027 468 1065 ut,
489 1021 673 1069 quoniam
703 1019 773 1056 sibi
802 1019 886 1056 vivo
917 1031 995 1056 non
1026 1019 1272 1065 subvenisset,
1293 1027 1457 1057 mortem

140 1099 248 1125 suam
268 1099 317 1124 ne
337 1086 494 1123 inultam
515 1097 599 1123 esse
623 1091 823 1134 pateretur,
846 1096 886 1121 se
912 1083 1153 1121 interfectum
1180 1085 1218 1121 in
1245 1084 1456 1135 plaustrum

141 1165 163 1189 a
183 1163 358 1201 caupone
378 1162 461 1188 esse
479 1150 705 1192 coniectum,
722 1156 759 1186 et
779 1161 895 1198 supra
914 1156 1059 1186 stercus
1080 1149 1286 1194 iniectum3
1317 1157 1459 1198 petere,

139 1224 180 1255 ut
198 1229 313 1254 mane
333 1216 382 1254 ad
401 1222 552 1265 portam
572 1215 734 1260 adesset,
754 1215 977 1264 priusquam
1003 1213 1215 1263 plaustrum
1243 1226 1290 1251 ex
1311 1215 1458 1263 oppido

141 1283 268 1320 exiret.
324 1282 416 1319 Hoc
445 1293 535 1319 vero
565 1293 653 1318 eum
683 1280 834 1318 somnio
865 1287 1117 1324 commotum,
1147 1291 1262 1317 mane
1291 1280 1460 1317 bubulco

63 1354 125 1385 160
141 1355 294 1398 praesto
329 1348 378 1385 ad
411 1354 561 1396 portam
593 1346 734 1392 fuisse;
775 1345 969 1395 quaesisse
1004 1357 1051 1381 ex
1084 1356 1131 1381 eo
1167 1345 1260 1393 quid
1291 1353 1391 1381 esset
1420 1345 1459 1382 in

142 1414 335 1463 plaustro:
365 1412 470 1449 illum
496 1411 737 1461 perterritum
763 1409 918 1458 fugisse,
946 1416 1141 1446 mortuum
1170 1416 1320 1446 erutum
1349 1422 1454 1456 esse;

143 1489 369 1527 cauponem,
389 1489 430 1514 re
450 1477 652 1527 patefacta,
673 1487 819 1525 poenas
847 1474 1008 1512 dedisse.
1066 1473 1172 1520 Quid
1198 1474 1273 1511 hoc
1303 1475 1457 1512 somnio

143 1544 218 1581 dici
237 1548 363 1592 potest
383 1542 572 1579 divinius?

197 1613 258 1646 14.
291 1608 367 1645 Sed
388 1607 480 1657 quid
500 1614 564 1644 aut
582 1606 691 1656 plura
710 1612 774 1642 aut
794 1612 920 1642 vetera
939 1604 1186 1654 quaerimus?
1245 1604 1367 1653 Saepe
1395 1606 1462 1642 tibi

69 1678 125 1719 165
143 1686 274 1711 meum
289 1673 436 1710 narravi
452 1685 461 1718 ;
491 1684 606 1721 saepe
623 1684 670 1708 ex
686 1678 722 1708 te
738 1670 863 1708 audivi
879 1677 986 1706 tuum
1001 1670 1195 1707 somnium
1212 1681 1219 1706 ε
1251 1669 1329 1715 Me,
1343 1682 1462 1718 quum

144 1740 259 1777 Asiae
285 1738 503 1788 provinciae
523 1748 753 1786 praeessem,
774 1735 913 1772 vidisse
944 1735 982 1770 in
1002 1734 1140 1783 quiete,
1162 1747 1280 1784 quum
1301 1743 1341 1771 tu
1362 1746 1463 1784 equo

145 1805 325 1842 advectus
345 1803 394 1840 ad
408 1803 617 1853 quamdam
638 1801 768 1849 magni
784 1799 952 1836 fluminis
965 1799 1100 1848 ripam,
1116 1806 1317 1847 provectus
1338 1799 1463 1836 subito

146 1877 260 1919 atque
280 1869 456 1917 delapsus
482 1867 522 1904 in
545 1867 700 1910 flumen,
728 1852 926 1913 nusquamv
947 1864 1201 1913 apparuisses,
1227 1876 1290 1901 me
1315 1870 1464 1902 contre-

146 1935 301 1980 muisse,
321 1934 457 1971 timore
476 1932 738 1982 perterritum:
769 1936 850 1966 tum
870 1935 906 1966 te
926 1936 1083 1977 repente
1102 1929 1244 1966 laetum
1265 1929 1463 1974 exstitisse,

71 2012 128 2043 170
147 2000 362 2048 eodemque
382 2009 483 2046 equo
496 1998 695 2034 adversam
716 1995 933 2032 ascendisse
953 1995 1088 2042 ripam,
1105 2006 1253 2043 nosque
1274 1994 1371 2031 inter
1391 2006 1464 2031 nos

148 2077 232 2103 esse
259 2062 494 2112 complexos.
552 2062 690 2099 Facilis
715 2061 935 2098 coniectura
961 2059 1073 2097 huius
1100 2059 1264 2113 somnii:
1294 2058 1463 2107 mihique

150 2143 174 2168 a
193 2130 322 2180 peritis
343 2129 382 2165 in
402 2129 497 2165 Asia
515 2127 754 2177 praedictum
775 2134 842 2171 est,
864 2125 943 2163 sore
966 2137 1032 2162 eos
1057 2130 1215 2162 eventus
1244 2136 1371 2161 rerum
1400 2124 1465 2172 qui

150 2195 381 2233 acciderunt.

204 2265 266 2298 15.
296 2259 424 2296 Venio
445 2270 548 2295 nunc
569 2257 617 2294 ad
637 2265 769 2294 tuum:
799 2257 922 2294 audivi
942 2255 1122 2305 equidem
1146 2267 1192 2291 ex
1219 2261 1255 2291 te
1280 2254 1376 2301 ipso,
1398 2252 1465 2290 sed

75 2339 131 2370 ¹75
151 2326 245 2364 mihi
274 2325 427 2373 saepius
455 2330 586 2360 noster
617 2323 799 2360 Salustius
829 2323 1014 2368 narravit;
1054 2332 1172 2371 quum
1201 2320 1240 2356 in
1274 2318 1335 2355 illa
1363 2317 1464 2365 suga,
