1668 2509
157 54 259 95 Chap.
278 55 318 87 11.
567 56 726 87 OMENS
754 56 855 87 AND
884 56 1090 90 DREAMS.
1408 64 1426 92 1
1439 61 1489 106 15

218 159 260 194 9.
292 154 416 206 Saepe
442 156 557 194 etiam
595 162 632 195 et
660 157 699 195 in
733 157 885 207 praeliis
915 157 1037 196 Fauni
1068 158 1197 205 auditi,
1230 166 1267 198 et
1300 160 1339 198 in
1375 163 1488 200 rebus

160 220 320 258 turbidis
354 221 544 259 veridicae
577 234 692 260 voces
724 235 772 261 ex
803 223 956 261 occulto
994 224 1134 261 missae
1169 237 1254 262 esse
1290 227 1487 266 dicuntur:

160 285 268 324 cuius
299 286 452 335 generis
484 287 562 325 duo
597 294 686 325 sunt
724 300 771 325 ex
809 288 936 326 multis
975 289 1163 338 exempla,
1198 289 1268 328 sed
1305 293 1486 330 maxima.

160 350 264 389 Nam
295 364 376 390 non
414 352 536 391 multo
571 360 658 391 ante
694 353 841 391 Urbem
874 360 1028 403 captam
1067 355 1246 393 exaudita
1273 368 1348 394 vox
1379 364 1436 395 est
1465 370 1488 395 a

84 419 141 450 ¹80
159 417 247 455 luco
275 417 430 463 Vestae,
462 419 527 467 qui
557 431 580 456 a
608 418 741 456 Palatii
773 419 902 457 radice
939 420 979 457 in
1017 431 1158 458 novam
1188 421 1288 459 viam
1318 422 1487 462 devexus

160 489 238 520 est:
278 482 354 521 ‘Ut
382 483 480 520 muri
515 490 552 521 et
584 491 718 533 portae
756 484 1024 532 reficerentur3
1077 485 1246 523 futurum
1284 499 1380 534 esse,
1414 489 1487 526 nisi

159 548 356 598 provisum
398 555 509 594 esset,
549 555 590 586 ut
628 549 758 587 Roma
795 549 1019 599 caperetur!
1096 550 1216 597 Quod
1254 553 1485 601 neglectum,

158 626 278 663 quum
299 613 421 651 caveri
441 620 604 663 poterat,
626 620 716 664 post
745 622 944 663 acceptam
965 614 1067 652 illam
1095 616 1306 654 maximam
1336 617 1485 655 cladem

158 679 354 728 expiatum
400 686 467 716 est.
544 679 626 717 Ara
672 680 776 717 enim
813 680 890 717 Aio
928 680 1132 730 Loquenti,
1171 693 1289 731 quam
1336 691 1486 732 septam

83 747 138 788 ¹85
158 744 341 789 videmus,
381 743 613 783 exadversus
651 757 740 782 eum
779 745 908 782 locum
947 752 1172 784 consecrata
1211 753 1281 784 est.
1356 749 1486 797 Atque

159 809 273 847 etiam
311 809 493 859 scripturn
532 821 556 847 a
599 809 728 847 multis
767 816 837 856 est,
877 822 997 860 quum
1034 817 1157 848 terrae
1195 818 1324 850 motus
1364 812 1486 852 factus

157 880 269 921 esset,
309 873 384 912 ‘Ut
422 887 490 912 sue
528 874 643 924 plena
680 876 899 924 procuratio
938 875 1067 922 fieret,’
1108 888 1245 914 vocem
1292 877 1341 915 ab
1388 879 1484 916 aede

157 938 319 977 Iunonis
347 952 395 977 ex
425 952 512 978 arce
542 941 753 978 exstitisse:
793 940 974 990 quocirca
1003 940 1193 978 Iunonem
1222 941 1326 979 illam
1352 944 1484 993 appel-

157 1004 273 1042 latam
311 1004 526 1043 Monetam.
595 1005 708 1044 Haec
746 1005 860 1055 igitur
893 1011 930 1043 et
969 1017 992 1043 a
1030 1005 1101 1044 diis
1139 1006 1353 1055 significata
1388 1015 1425 1046 et
1458 1021 1480 1047 a

81 1086 138 1118 190
156 1069 296 1107 nostris
325 1070 535 1108 maioribus
564 1069 731 1108 iudicata
762 1070 1072 1109 contemnimus?

210 1138 278 1173 10.
307 1133 446 1184 Neque
460 1134 586 1172 solum
600 1135 762 1173 deorum
777 1146 892 1173 voces
906 1134 1136 1185 Pythagorei
1148 1137 1482 1186 observitaverunt‚

157 1199 227 1238 sed
261 1199 377 1237 etiam
410 1200 624 1246 hominum,
656 1212 755 1250 quae
785 1207 926 1239 vocant
967 1202 1110 1239 omina.
1170 1202 1282 1249 Quae
1316 1206 1484 1244 maiores

155 1265 273 1303 nostri
293 1265 382 1314 quia
401 1265 524 1303 valere
546 1266 767 1312 censebant,
788 1266 932 1304 idcirco
956 1267 1139 1304 omnibus
1165 1268 1281 1306 rebus
1310 1271 1482 1318 agendis,

156 1329 299 1376 ‘Quod
326 1331 487 1376 bonum,
517 1330 695 1376 faustum,
728 1331 817 1369 felix
847 1330 1158 1382 fortunatumque
1188 1333 1314 1379 esset‚'
1334 1335 1482 1383 praefa-

79 1412 136 1445 195
154 1395 316 1433 bantur:
345 1396 538 1445 rebusque
567 1396 703 1434 divinis
733 1408 831 1446 quae
860 1397 1037 1446 publicae
1068 1398 1202 1436 fierent
1227 1405 1270 1436 ut
1290 1397 1481 1438 ‘faverent

155 1460 306 1510 linguis'
331 1460 589 1510 imperabatur
599 1474 610 1508 ;
641 1462 758 1511 inque
787 1461 888 1499 feriis
917 1462 1162 1511 imperandis,
1191 1469 1234 1501 ut
1264 1463 1414 1502 ‘litibus
1442 1472 1480 1503 et

155 1526 285 1575 iurgiis
315 1538 356 1564 se
391 1527 649 1565 abstinerent.’
705 1528 883 1577 Itemque
921 1528 961 1564 in
998 1528 1195 1566 lustranda
1233 1528 1397 1575 colonia,
1432 1532 1482 1568 ab

156 1603 204 1629 eo
233 1592 299 1640 qui
327 1604 414 1630 eam
443 1592 660 1638 deduceret,
681 1600 719 1631 et
738 1605 858 1643 quum
878 1593 1086 1642 imperator
1105 1594 1324 1640 exercitum,
1342 1607 1482 1632 censor

155 1656 344 1706 populum
382 1656 567 1703 lustraret,
603 1659 717 1696 bonis
754 1658 975 1696 nominibus
1014 1658 1079 1708 qui
1116 1657 1261 1696 hostias
1299 1658 1482 1697 ducerent

79 1739 140 1760 200
157 1721 404 1770 eligebantur.
464 1722 584 1770 Quod
612 1723 715 1760 idem
744 1723 785 1760 in
813 1723 964 1761 delectu
994 1723 1173 1761 consules
1203 1724 1419 1765 observant.
1439 1731 1481 1762 ut

158 1786 302 1834 primus
347 1786 457 1825 miles
503 1787 569 1825 fiat
614 1787 720 1825 bono
768 1789 940 1826 nomine.
1008 1787 1319 1836 Praerogativam
1365 1789 1480 1826 etiarn

157 1850 321 1888 maiores
349 1863 465 1890 omen
494 1852 681 1890 iustorum
711 1853 954 1891 comitiorum
985 1865 1069 1891 esse
1098 1854 1309 1892 voluerunt.

212 1919 270 1954 11.
296 1916 426 1965 Atque
446 1929 521 1966 ego
542 1917 720 1966 exempla
739 1918 913 1955 ominum
933 1924 1026 1955 nota
1045 1918 1248 1967 proferam.
1306 1919 1350 1957 L.
1368 1921 1479 1959 Paul-

157 1979 217 2018 lus
237 1981 371 2019 consul
389 1982 536 2028 iterum,
558 1994 679 2032 quum
698 1983 733 2020 ei
752 1982 896 2020 bellum
916 1989 958 2020 ut
977 1995 1066 2020 cum
1086 1996 1177 2032 rege
1198 1983 1313 2022 Perse
1333 1994 1480 2034 gereret

79 2056 138 2088 205
158 2045 368 2095 obtigisset,
394 2052 436 2084 ut
463 2058 510 2085 ea
536 2047 622 2096 ip'sa
650 2048 712 2085 die
740 2047 902 2085 domum
929 2047 979 2085 ad
1007 2060 1211 2098 vesperum
1238 2050 1360 2095 rediit,
1382 2050 1478 2088 filio-

158 2111 235 2148 lam
255 2123 365 2148 suam
385 2111 568 2158 Tertiam,
588 2124 687 2162 quae
706 2119 789 2150 tum
815 2119 896 2150 erat
921 2113 1131 2151 admodum
1151 2126 1278 2164 parva,
1299 2115 1478 2154 osculans

157 2176 423 2214 animadvertit
450 2177 685 2215 tristiculam.
741 2177 870 2224 ‘Quid
898 2178 978 2222 est,’
1008 2179 1141 2228 inquit,
1172 2183 1283 2218 ‘mea
1320 2180 1477 2218 Tertia?

159 2242 252 2292 quid
269 2243 382 2280 tristis
402 2255 443 2280 es
457 2243 482 2282 Γ
534 2246 543 2263 ‘
556 2243 613 2281 Mi
632 2244 763 2293 pater,'
784 2245 917 2294 inquit,
939 2247 948 2263 ‘
961 2245 1078 2282 Persa
1096 2245 1230 2294 periit.'
1289 2245 1391 2283 Tum
1416 2246 1476 2283 ille

160 2307 298 2345 arctius
336 2307 504 2358 puellam
548 2309 786 2359 complexus,
826 2308 1036 2359 ‘Accipio,’
1071 2310 1203 2359 inquit,
1244 2314 1353 2348 ‘mea
1390 2311 1475 2358 filia,
