1668 2509
124 380 166 410 80

126 1037 166 1068 90

185 74 261 104 sect.
285 74 346 106 111.
637 65 832 105 SCJPJO'S
861 75 1041 107 DREAM.
1426 85 1503 127 133

184 172 224 209 in
255 172 330 210 hoc
363 173 506 222 templo
541 173 711 211 medium
742 174 858 220 vides,
898 187 996 224 quae
1035 182 1132 214 terra
1170 176 1329 215 dicitur:
1369 178 1503 228 hisque

185 237 336 275 animus
365 238 475 276 datus
503 246 561 276 est
591 251 638 276 ex
673 239 743 276 illis
778 240 1020 289 sempiternis
1051 241 1218 290 ignibus,
1249 255 1348 291 quae
1382 244 1504 281 sidera

183 311 221 341 et
254 305 379 342 stellas
414 305 581 352 vocatis;
612 316 710 354 quae
738 305 922 354 globosae
952 313 990 343 et
1018 307 1217 352 rotundae,
1254 309 1389 346 divinis
1424 311 1504 346 ani-

184 376 308 406 matae
337 369 541 415 mentibus,
572 370 693 407 circos
721 382 811 408 suos
845 372 1036 421 orbesque
1068 372 1277 410 conficiunt
1315 374 1504 411 celeritate

184 434 355 471 mirabili.
413 433 543 480 Quare
577 442 615 472 et
644 436 721 481 tibi,
753 435 875 482 Publi,
905 444 942 474 et
971 437 1041 486 piis
1072 438 1254 475 omnibus
1283 439 1503 476 retinendus

183 509 241 539 est
269 501 420 538 animus
449 501 487 537 in
519 502 694 539 custodia
723 503 921 550 corporis:
956 515 1028 540 nec
1058 504 1204 541 iniussu
1243 505 1335 550 eius,
1369 517 1392 541 a
1426 517 1503 555 quo

183 566 243 604 ille
273 573 329 603 est
361 566 471 603 vobis
504 566 624 611 datus,
655 579 702 604 ex
737 567 940 604 hominum
971 569 1046 605 vita
1079 569 1324 618 migrandum
1355 577 1424 616 est,
1453 582 1502 607 ne

183 644 324 668 munus
357 631 569 668 humanum
603 632 840 680 assignatum
879 645 902 670 a
941 633 1015 671 deo
1055 634 1249 683 defugisse
1286 636 1502 674 videamini.

149 714 164 744 5
186 696 262 734 Sed
300 697 364 742 sic,
398 696 539 745 Scipio,
577 703 619 734 ut
649 709 741 734 avus
772 697 833 735 hic
871 705 969 744 tuus,
1005 706 1046 736 ut
1084 711 1170 748 ego,
1207 701 1271 748 qui
1304 707 1340 737 te
1374 702 1500 749 genui,

183 762 362 800 iustitiam
412 761 494 799 cole
533 768 570 799 et
622 762 828 811 pietatem:
877 775 976 811 quae
1027 776 1146 813 quum
1197 765 1244 802 sit
1282 777 1424 813 magna
1461 767 1500 802 in

184 827 405 877 parentibus
444 833 481 864 et
517 828 756 876 propinquis,
792 834 874 865 tum
907 829 946 865 in
985 829 1106 878 patria
1144 830 1311 867 maxima
1349 838 1427 867 est:
1458 843 1503 867 ea

184 893 259 930 vita
295 893 355 929 via
391 899 448 929 est
486 892 525 929 in
564 892 713 930 caelum
752 899 789 930 et
825 894 865 930 in
904 893 1006 931 hunc
1056 902 1209 931 coetum
1255 907 1390 932 eorum
1438 896 1502 944 qui

184 959 261 996 iarn
289 958 472 1002 vixerunt,
494 964 530 994 et
559 970 722 1007 corpore
751 958 866 996 laxati
894 959 999 996 illum
1028 955 1204 996 incolunt'
1226 960 1366 1006 locum,
1388 972 1504 1009 quem

185 1022 333 1060 vides:'
365 1032 443 1060 erat
468 1030 596 1060 autem
622 1024 654 1060 is
678 1023 988 1072 splendidissimo
1009 1025 1176 1062 candore
1202 1025 1300 1062 inter
1329 1025 1504 1062 flammas

186 1088 341 1125 elucens
375 1088 507 1133 circus,
540 1100 655 1137 quem
695 1100 774 1134 vos,
814 1096 856 1126 ut
893 1101 915 1126 a
955 1088 1079 1127 Graiis
1118 1091 1330 1139 accepistis,
1370 1091 1505 1127 orbem

186 1154 351 1191 lacteum
400 1153 653 1202 nuncupatis:
693 1166 741 1191 ex
793 1165 871 1202 quo
920 1155 1051 1191 omnia
1098 1155 1190 1191 mihi
1228 1155 1505 1204 contemplanti

187 1218 379 1268 praeclara
407 1224 532 1255 cetera
561 1225 598 1255 et
627 1219 812 1255 mirabilia
838 1219 1073 1256 videbantur.
1132 1219 1252 1257 Erant
1280 1228 1408 1258 autem
1438 1233 1506 1258 eae

128 1359 166 1390 95

106 1688 167 1708 100

110 2017 167 2047 105

188 1283 327 1329 stellae,
357 1295 452 1332 quas
481 1295 694 1331 numquam
723 1296 770 1320 ex
800 1283 874 1321 hoc
903 1284 989 1321 loco
1009 1285 1184 1330 vidimus,
1206 1291 1244 1322 et
1271 1297 1338 1323 eae
1357 1286 1505 1335 magni-

188 1348 338 1386 tudines
376 1348 562 1394 omnium,
602 1360 698 1397 quas
737 1361 821 1386 esse
867 1361 1079 1398 numquam
1127 1350 1308 1399 suspicati
1346 1362 1504 1387 sumus:

188 1426 237 1451 ex
274 1414 413 1462 quibus
450 1420 530 1450 erat
574 1413 635 1450 illa
678 1414 849 1460 minima,
888 1427 986 1464 quae
1038 1415 1171 1452 ultima
1223 1415 1340 1461 caelo,
1379 1416 1506 1452 citima

189 1478 306 1524 terris,
338 1479 422 1515 luce
457 1478 608 1515 lucebat
641 1479 796 1517 ahena.-
833 1479 1036 1517 Stellarum
1074 1488 1203 1517 autem
1241 1480 1346 1529 globi
1384 1486 1506 1518 terrae

188 1543 495 1592 magnitudinem
526 1543 636 1581 facile
670 1545 885 1581 vincebant.
942 1545 1028 1582 Iam
1065 1546 1149 1594 ipsa
1187 1553 1286 1583 terra
1324 1546 1375 1582 ita
1413 1545 1506 1582 mihi

188 1620 305 1657 parva
342 1609 421 1645 visa
453 1615 522 1653 est,
556 1615 598 1645 ut
628 1620 690 1645 me
724 1609 872 1657 imperii
903 1610 1035 1655 nostri,
1068 1622 1146 1659 quo
1180 1611 1290 1660 quasi
1320 1618 1507 1659 punctum

187 1674 267 1710 eius
288 1673 518 1721 attingimus,
540 1674 760 1722 poeniteret.

242 1742 280 1776 8.
311 1738 440 1785 Quam
455 1751 575 1787 quum
594 1739 718 1787 magis
737 1739 914 1785 intuerer,
931 1742 940 1759 ‘
956 1739 1138 1786 Quaeso,’
1153 1741 1275 1789 inquit
1287 1740 1505 1786 Africanus,

185 1807 414 1853 ‘quousque
461 1804 567 1841 humi
601 1804 728 1841 defixa
766 1811 831 1841 tua
868 1817 978 1858 mens
1018 1806 1115 1842 erit?
1172 1805 1316 1843 Nonne
1355 1807 1505 1855 aspiciS,

185 1880 283 1918 quae
314 1869 353 1905 in
391 1869 536 1918 templa
564 1870 743 1907 veneris?
800 1869 953 1907 Novem
991 1871 1058 1908 tibi
1098 1871 1255 1908 orbibus
1288 1871 1346 1908 vel
1380 1871 1506 1921 potius

186 1934 311 1983 globis
350 1945 527 1971 connexa
565 1940 652 1971 sunt
691 1935 845 1972 omnia:
885 1947 1050 1983 quorum
1087 1948 1187 1973 unus
1226 1944 1283 1973 est
1322 1937 1505 1981 caelestis,

187 1999 362 2044 extimus,
401 2000 466 2048 qui
504 1999 671 2048 reliquos
709 2011 847 2037 omnes
895 2001 1172 2048 complectitur,
1213 2013 1386 2039 summus
1426 2002 1507 2050 ipse

188 2063 294 2108 deus,
329 2075 464 2100 arcens
493 2070 531 2102 et
559 2064 763 2102 continens
804 2072 974 2102 ceteros:
1012 2065 1052 2102 in
1083 2077 1161 2114 quo
1192 2066 1297 2103 infixi
1332 2074 1420 2103 sunt
1458 2066 1506 2102 illi

188 2129 255 2177 qui
298 2128 498 2165 volvuntur
545 2129 738 2166 stellarum
785 2141 918 2167 cursus
957 2131 1201 2179 sempiterni:
1250 2132 1310 2168 cui
1349 2131 1507 2168 subiecti

190 2199 280 2230 sunt
327 2200 487 2241 septem,
525 2194 590 2242 qui
628 2201 824 2232 versantur
871 2202 970 2232 retro
1009 2197 1201 2233 contrario
1249 2203 1357 2233 motu
1394 2203 1507 2244 atque

191 2258 360 2305 caelum3
401 2270 421 2295 e
455 2259 592 2307 quibus
629 2271 751 2296 unum
787 2259 948 2308 globum
986 2261 1156 2309 possidet
1204 2261 1276 2305 illa,
1316 2272 1433 2309 quam
1469 2261 1507 2297 in

114 2337 173 2360 ιιο
192 2323 299 2361 terris
347 2322 563 2361 Saturniam
600 2324 821 2362 nominant:
871 2325 1008 2362 deinde
1047 2332 1104 2362 est
1141 2325 1342 2362 hominum
1378 2326 1508 2373 generi
