1668 2509
148 113 299 147 Seet.1V.
527 113 614 144 ΒΕΑ
625 91 759 145 U'TJES
791 115 849 145 OF
876 114 939 145 NA
950 114 1083 147 TURE.
1386 117 1457 159 171
1502 145 1506 148 .

147 224 241 250 num
260 224 392 250 secum
412 212 590 251 frumenti
609 220 647 252 et
667 214 844 252 similium
858 215 992 252 dicitur
1014 215 1228 264 deportare.
1262 214 1462 265 Multaque

146 277 220 315 alia
248 277 287 315 in
315 278 396 316 aliis
425 279 519 316 locis
549 280 902 317 commemorabilia
929 279 1098 329 proferre
1128 292 1300 330 possum,
1321 282 1462 319 multos

146 342 287 380 fertiles
317 355 442 392 agros,
465 344 560 382 alios
589 344 748 382 aliorum
777 344 977 382 fructuum.
1038 344 1115 383 Sed
1139 346 1201 383 illa
1227 351 1371 395 quanta
1397 347 1464 384 be-

69 419 126 451 ¹95
145 408 311 456 nignitas
331 416 497 455 naturae,
521 410 627 460 quod
652 416 730 447 tam
754 410 872 447 multa
899 410 947 447 ad
976 410 1223 456 vescendum,
1244 417 1322 447 tam
1349 411 1462 457 varia,

145 479 300 523 tamque
320 474 486 512 iucunda
506 475 637 523 gignit,
659 487 784 524 neque
806 487 851 512 ea
871 487 950 513 uno
970 481 1144 524 tempore
1170 476 1271 522 anni,
1291 482 1334 513 ut
1363 488 1462 514 sem-

145 550 213 588 per
233 546 269 576 et
289 540 453 576 novitate
474 539 707 577 delectemur
731 546 768 577 et
795 541 930 588 copia!
977 539 1106 586 Quam
1127 542 1375 590 tempestivos
1396 554 1461 579 au-

145 610 223 641 tem
252 604 366 649 dedit,
394 616 510 654 quam
541 605 723 642 salutares
752 616 832 642 non
861 605 981 642 modo
1009 605 1222 652 hominum,
1251 606 1320 644 sed
1348 607 1462 644 etiam

145 670 338 718 pecudum
357 671 498 719 generi,
519 671 563 708 iis
588 671 752 719 denique
783 671 963 708 omnibus
993 683 1090 721 quae
1119 672 1292 709 oriuntur
1311 684 1332 709 e
1352 678 1460 718 terra,

65 745 126 767 200
145 741 278 772 ventos
298 735 458 781 Etesias‚
479 747 642 784 quorum
662 735 753 772 flatu
772 736 877 772 nimii
900 742 1160 785 temperantur
1180 737 1350 776 calores!
1397 739 1460 775 Ab

145 799 280 837 iisdem
318 800 432 837 etiam
469 801 648 838 maritimi
686 812 819 838 cursus
858 801 1000 838 celeres
1035 806 1072 838 et
1110 802 1201 839 certi
1236 802 1459 852 diriguntur.

145 865 268 903 Multa
296 867 573 915 praetereunda
601 873 701 912 sunt,
731 872 769 903 et
802 873 932 903 tamen
961 867 1080 904 multa
1110 867 1297 906 dicuntur.
1355 869 1461 906 Enu-

144 931 282 968 merari
311 931 415 968 enim
448 943 527 969 non
557 937 720 980 possunt
755 931 957 968 fluminum
986 933 1303 980 opportunitates,
1334 942 1461 972 aestus

144 996 332 1041 maritimi,
371 1002 454 1033 tum
492 996 730 1042 accedentes,
763 1002 845 1034 tum
878 996 1115 1042 recedentes,
1151 1005 1304 1036 montes
1338 1000 1461 1036 vestiti

64 1071 125 1103 205
144 1067 257 1110 atque
278 1061 477 1107 silvestres,
500 1062 641 1099 salinae
661 1062 710 1098 ab
730 1073 797 1098 ora
820 1062 1010 1099 maritima
1029 1063 1319 1110 remotissimae,
1340 1065 1461 1102 medi-

144 1133 408 1165 camentorum
446 1127 665 1164 salutarium
700 1126 945 1176 plenissimae
986 1133 1119 1173 terrae,
1156 1135 1255 1166 artes
1295 1130 1461 1179 denique

144 1191 438 1229 innumerabiles
462 1192 511 1229 ad
529 1192 671 1229 victum
698 1197 735 1228 et
760 1192 811 1229 ad
829 1192 946 1229 vitam
974 1193 1221 1231 necessariae.
1280 1194 1365 1231 Iam
1387 1196 1460 1233 diei

82 1262 84 1264 ’
143 1256 343 1305 noctisque
380 1257 600 1294 vicissitudo
641 1262 842 1294 conservat
881 1257 1107 1304 animantes,
1147 1259 1318 1297 tribuens
1356 1260 1459 1297 aliud

143 1321 281 1371 agendi
304 1327 469 1370 tempus,
490 1321 591 1359 aliud
612 1321 845 1370 quiescendi.
903 1321 965 1360 Sic
985 1323 1156 1372 undique
1181 1325 1288 1361 omni
1312 1326 1461 1362 ratione

64 1401 127 1424 210
144 1386 392 1432 concluditur,
412 1393 541 1423 mente
562 1387 800 1436 consilioque
824 1386 953 1425 divino
983 1389 1114 1425 omnia
1142 1388 1181 1425 in
1209 1388 1284 1426 hoc
1312 1390 1460 1427 mundo

143 1451 193 1488 ad
227 1451 388 1488 salutem
426 1451 601 1489 omnium
640 1452 1048 1502 conservationemque
1086 1453 1356 1492 admirabiliter
1394 1455 1460 1492 ad-

142 1516 354 1553 ministrari.

199 1585 240 1619 9.
270 1580 347 1619 Hic
367 1588 523 1631 quaerat
542 1582 743 1632 quispiam,
764 1583 964 1621 cuiusnam
984 1595 1100 1621 causa
1118 1590 1310 1622 tantarum
1332 1597 1459 1623 rerum

142 1647 288 1685 molitio
308 1647 408 1684 facta
429 1648 496 1694 sit;
528 1648 758 1686 arborumne
781 1655 817 1686 et
841 1649 1070 1686 herbarum?
1099 1660 1198 1698 quae
1225 1663 1459 1700 quamquam

61 1726 122 1758 215
143 1712 223 1749 sine
244 1724 360 1749 sensu
380 1719 478 1759 sunt,
499 1719 629 1750 tamen
656 1725 679 1750 a
704 1719 839 1750 natura
865 1714 1107 1752 sustinentur.
1162 1715 1215 1753 At
1237 1715 1276 1753 id
1302 1717 1458 1766 quidem

142 1777 350 1814 absurdum
389 1784 454 1815 est.
514 1778 577 1816 An
615 1779 848 1817 bestiarum?
908 1778 1040 1817 Nihilo
1077 1780 1323 1828 probabilius,
1362 1782 1458 1819 deos

140 1848 336 1879 mutorum
372 1849 410 1879 et
447 1843 540 1880 nihil
577 1843 866 1892 intelligentium
907 1855 1022 1881 causa
1067 1850 1215 1882 tantum
1251 1845 1456 1884 laborasse.

142 1905 318 1951 Quorum
346 1907 458 1955 igitur
487 1920 602 1945 causa
632 1909 716 1957 quis
746 1908 882 1945 dixerit
902 1898 1094 1946 ‘effectum
1129 1921 1214 1947 esse
1243 1911 1456 1948 mundum?

140 1970 287 2008 Eorum
316 1972 457 2009 scilicet
485 1974 746 2016 animantium,
768 1985 866 2022 quae
896 1973 1044 2011 ratione
1071 1980 1237 2013 utuntur.
1295 1975 1350 2013 Hi
1369 1983 1457 2014 sunt

61 2049 124 2072 220
142 2035 194 2072 dii
221 2041 258 2072 et
286 2035 474 2082 homines,
505 2038 642 2087 quibus
670 2038 846 2087 profecto
875 2038 969 2075 nihil
997 2045 1055 2076 est
1082 2040 1240 2078 melius:
1274 2042 1372 2079 ratio
1400 2049 1457 2080 est

140 2101 254 2146 enim,
284 2112 383 2150 quae
412 2109 578 2150 praestat
606 2103 796 2140 omnibus.
865 2102 925 2141 Ita
951 2103 993 2141 fit
1022 2104 1202 2142 credibile
1231 2106 1393 2144 deorum
1420 2114 1458 2144 et

138 2164 340 2202 hominum
368 2178 484 2203 causa
511 2166 653 2204 factum
691 2179 775 2204 esse
808 2168 998 2205 mundum
1027 2181 1203 2219 quaeque
1236 2170 1277 2207 in
1305 2182 1353 2207 eo
1383 2171 1457 2208 sint

139 2230 282 2267 omnia.
339 2229 579 2280 Faciliusque
599 2231 838 2280 intelligetur,
860 2244 883 2268 a
903 2233 973 2270 diis
993 2233 1272 2272 immortalibus
1292 2234 1457 2271 homini-

139 2295 211 2332 bus
241 2307 325 2333 esse
354 2296 560 2344 provisum,
582 2296 612 2332 si
632 2296 701 2333 erit
720 2302 801 2334 tota
828 2296 995 2334 hominis
1025 2297 1221 2336 fabricatio
1242 2304 1455 2348 perspecta,

63 2372 123 2405 ²25
143 2361 346 2410 omnisque
365 2360 554 2398 humanae
573 2367 729 2398 naturae
749 2361 871 2407 figura
889 2368 1002 2410 atque
1021 2362 1216 2411 perfectio.

762 2436 786 2462 N
808 2437 827 2461 2
