1668 2509
129 84 209 126 134
486 79 731 110 EXTRACTS
759 80 895 110 FROM
924 80 1101 111 CICERO.
1280 81 1359 112 Sect.
1381 78 1443 110 111.

125 186 330 223 prosperus
365 180 402 211 et
440 173 612 211 salutaris
644 173 705 210 ille
750 174 886 222 fulgor,
930 175 994 223 qui
1033 174 1168 212 dicitur
1204 173 1331 211 Iovis:
1361 180 1443 209 tum

127 240 257 277 rutilus
289 239 552 287 horribilisque
587 240 706 284 terris,
742 251 857 288 quem
897 239 1080 276 Martium
1119 239 1266 276 dicitis:
1305 237 1443 275 deinde

127 305 254 341 subter
284 304 451 341 mediam
481 303 559 340 fere
591 304 790 352 regionem
820 305 878 341 sol
907 304 1064 349 obtinet,
1096 304 1173 341 dux
1202 310 1239 340 et
1266 303 1444 352 princeps

125 377 162 406 et
192 369 412 406 moderator
448 368 634 405 luminum
673 369 914 418 reliquorum,
953 381 1064 406 mens
1102 369 1237 406 mundi
1275 376 1312 404 et
1348 374 1444 404 tem-

128 434 285 482 peratio,
322 440 426 470 tanta
459 434 735 482 magnitudine,
769 441 811 471 ut
839 442 977 471 cuneta
1006 446 1075 471 sua
1103 433 1186 471 luce
1217 434 1374 470 illustret
1407 438 1443 469 et

127 499 330 548 compleat.
388 498 507 535 Hunc
537 506 578 536 ut
616 500 776 536 comites
814 507 1101 548 consequuntur
1138 499 1300 535 Veneris
1339 497 1443 542 alter,

129 565 221 601 alter
259 563 439 601 Mercurii
492 576 647 601 cursus:
696 564 734 600 in
773 564 983 613 infimoque
1027 565 1120 602 orbe
1169 563 1290 604 Luna,
1329 561 1443 599 radiis

128 627 218 666 Solis
266 640 440 674 accensa,
491 630 730 666 convertitur.
799 629 904 667 Infra
956 637 1083 667 autem
1132 629 1208 666 iam
1254 627 1346 665 nihil
1387 633 1444 663 est

127 695 199 731 nisi
229 694 389 731 mortale
419 701 455 731 et
490 694 689 739 caducum,
720 701 869 743 praeter
901 695 1052 732 animos
1085 706 1244 731 munere
1284 693 1444 730 deorum

128 759 329 796 hominum
358 758 490 807 generi
519 759 654 796 datos:
694 771 808 808 supra
827 759 957 796 lunam
995 766 1083 796 sunt
1111 766 1265 796 aeterna
1293 757 1444 795 omnia:

129 836 220 860 nam
250 836 306 869 ea,
336 836 434 872 quae
463 831 520 861 est
550 825 677 861 media
706 831 742 862 et
771 837 885 870 nona,
913 825 1022 862 tellus
1052 837 1177 873 neque
1206 830 1380 861 movetur
1407 829 1445 860 et

129 890 260 926 infima
279 896 347 934 est,
369 896 406 926 et
425 890 465 925 in
485 901 570 926 eam
591 889 762 927 feruntur
781 891 912 927 omnia
933 898 1028 927 nutu
1049 902 1118 927 suo
1139 889 1335 940 pondera!

183 962 223 994 9.
255 955 366 1002 Quae
400 968 519 1005 quum
550 957 713 994 intuerer
747 963 918 1005 stupens,
948 964 990 993 ut
1018 969 1080 994 me
1114 956 1252 1005 recepi,
1288 956 1445 1002 ‘Quid?

125 1021 210 1067 hic‚’
242 1021 410 1070 inquam,
438 1022 548 1070 ‘quis
577 1030 644 1067 est,
675 1023 739 1070 qui
769 1023 936 1071 complet
965 1034 1075 1058 aures
1103 1033 1222 1067 meas,
1253 1028 1379 1058 tantus
1408 1028 1446 1058 et

127 1094 203 1124 tam
221 1086 341 1123 dulcis
359 1098 477 1124 sonus
493 1088 506 1124 ?
522 1086 531 1101 '
589 1090 597 1105 ‘
613 1086 689 1124 Hic
707 1087 786 1132 est‚'
801 1088 922 1136 inquit
943 1087 1014 1132 ille,
1033 1087 1115 1135 ‘qui
1135 1086 1336 1123 intervallis
1353 1098 1444 1123 con-

129 1153 280 1189 iunctus
313 1152 532 1200 imparibus,
564 1152 632 1188 sed
661 1158 791 1189 tamen
825 1164 895 1201 pro
928 1160 1007 1188 rata
1044 1158 1150 1200 parte
1187 1152 1332 1188 ratione
1371 1151 1445 1189 dis-

130 1217 267 1261 tinctis,
315 1216 481 1265 impulsu
526 1223 564 1253 et
606 1226 714 1253 motu
751 1217 924 1265 ipsorum
971 1217 1120 1253 orbium
1162 1216 1360 1253 conficitur
1397 1223 1445 1259 et,

130 1289 242 1319 acuta
280 1293 368 1318 cum
415 1282 591 1329 gravibus
636 1290 864 1330 temperans,
903 1282 1027 1318 varios
1071 1281 1316 1330 aequabiliter
1353 1293 1446 1318 con-

132 1355 266 1384 centus
318 1346 453 1383 efficit:
502 1358 574 1383 nec
622 1347 725 1383 enim
777 1347 926 1384 silentio
974 1347 1068 1383 tanti
1124 1353 1252 1383 motus
1301 1346 1447 1383 incitari

128 1419 301 1461 possunt,
333 1418 369 1448 et
399 1419 533 1448 natura
562 1411 633 1449 fert
662 1420 702 1449 ut
732 1419 902 1448 extrema
925 1424 972 1448 ex
1002 1412 1118 1448 altera
1137 1419 1243 1460 parte
1273 1412 1446 1460 graviter,

127 1490 173 1515 ex
207 1477 322 1514 altera
343 1484 470 1513 autem
500 1485 609 1514 acute
639 1484 789 1514 sonent.
837 1476 977 1522 ‘Quam
1008 1478 1058 1514 ob
1087 1489 1243 1514 causam
1274 1488 1446 1514 summus

127 1543 188 1580 ille
224 1542 316 1579 caeli
356 1541 509 1579 stellifer
549 1554 693 1588 cursus,
733 1543 839 1579 cuius
878 1543 1076 1579 conversio
1115 1549 1172 1579 est
1211 1542 1445 1586 concitatior,

129 1615 242 1644 acuto
281 1614 318 1644 et
357 1608 522 1644 excitato
574 1615 748 1645 movetur
786 1619 894 1653 sono,
934 1607 1158 1656 gravissimo
1210 1615 1337 1643 autem
1383 1605 1446 1643 hie

128 1673 269 1709 lunaris
299 1679 412 1721 atque
442 1672 615 1709 infimus:
655 1685 746 1709 nam
779 1680 876 1709 terra
906 1684 1011 1709 nona
1041 1671 1244 1709 immobilis
1283 1683 1444 1709 manens

128 1738 206 1773 ima
237 1736 327 1774 sede
363 1748 514 1785 semper
542 1736 683 1782 haeret,
713 1737 915 1785 complexa
943 1737 1113 1773 medium
1142 1737 1276 1774 mundi
1304 1736 1443 1774 locum.

127 1801 184 1838 Illi
220 1808 347 1838 autem
382 1808 470 1838 octo
502 1813 645 1846 cursus,
680 1802 718 1838 in
753 1802 889 1849 quibus
922 1801 1057 1838 eadem
1090 1801 1146 1838 vis
1177 1808 1234 1838 est
1268 1802 1443 1848 duorum,

128 1873 277 1914 septem
312 1865 478 1902 efficiunt
511 1866 708 1903 distinctos
746 1865 948 1902 intervallis
983 1877 1124 1902 sonos:
1163 1866 1228 1914 qui
1262 1879 1444 1904 numerus

130 1943 257 1967 rerum
285 1932 459 1968 omnium
488 1930 566 1967 fere
600 1931 726 1967 nodus
755 1937 833 1966 est:
873 1930 977 1978 quod
1009 1929 1110 1966 docti
1144 1930 1320 1968 homines
1359 1945 1444 1970 ner-

127 1996 182 2033 vis
220 1996 355 2032 imitati
390 2003 504 2044 atque
535 1996 720 2039 cantibus,
755 2006 937 2043 aperuere
973 1994 1041 2031 sibi
1075 1995 1238 2031 reditum
1272 1997 1311 2033 in
1340 1997 1443 2034 hunc

126 2061 268 2106 locum,
300 2061 395 2097 sicut
424 2060 496 2105 alii,
518 2061 583 2108 qui
603 2060 882 2108 praestantibus
911 2059 1075 2107 ingeniis
1104 2060 1143 2096 in
1170 2060 1246 2097 vita
1274 2061 1442 2100 humana

128 2125 254 2161 divina
283 2125 407 2162 studia
437 2125 646 2161 coluerunt.
706 2123 797 2161 Hoc
827 2124 952 2160 sonitu
975 2124 1152 2172 oppletae
1179 2137 1289 2163 aures
1317 2126 1441 2164 homi-

129 2201 222 2225 num
252 2189 554 2226 obsurduerunt:
585 2201 657 2225 nec
685 2195 743 2225 est
770 2189 868 2225 ullus
897 2188 1067 2226 hebetior
1093 2202 1226 2228 sensus
1255 2191 1295 2227 in
1322 2192 1440 2238 vobis,

129 2253 235 2298 sicut,
264 2253 329 2289 ubi
359 2252 470 2290 Nilus
502 2252 551 2289 ad
582 2253 653 2297 illa,
688 2264 785 2301 quae
816 2251 1015 2301 Catadupa
1044 2255 1300 2301 nominantur,
1329 2267 1441 2304 prae-

129 2319 259 2365 cipitat
288 2330 334 2355 ex
364 2317 555 2355 altissimis
584 2318 790 2363 montibus,
821 2329 866 2354 ea
898 2329 1005 2366 gens,
1041 2330 1140 2368 quae
1173 2319 1278 2355 illum
1312 2319 1440 2358 locum

1465 445 1524 476 115

1466 776 1528 797 120

1467 1099 1525 1130 125

1469 1427 1530 1457 ¹30

1465 2075 1527 2104 ¹40
