1668 2509
173 110 251 142 Sect.
270 108 329 139 lv,
372 106 443 138 AN
469 106 742 138 ARGUMENT
768 104 983 137 AGAINST
1009 105 1321 137 PROVIDENCE.
1413 96 1491 153 185

114 207 213 246 60in
250 207 430 245 omnibus
468 205 564 244 fanis
597 212 703 256 pater
736 204 914 242 imberbis
945 210 1056 242 esset.
1114 203 1223 242 Idem
1253 217 1407 244 mensas
1432 217 1490 243 ar-

174 278 334 322 genteas
363 271 411 308 de
439 271 618 308 omnibus
647 270 811 308 delubris
841 270 948 307 iussit
978 269 1125 313 auferri,
1147 271 1186 307 in
1216 270 1355 320 quibus
1385 271 1490 321 quod

171 348 279 374 more
312 335 447 373 veteris
481 334 666 372 Graeciae
695 335 920 383 inscriptum
949 341 1058 379 esset,
1089 347 1276 373 BONORUM
1314 347 1486 380 DEORUM,

171 401 224 438 uti
263 413 303 438 se
341 412 475 438 eorum
522 399 693 437 bonitate
739 399 833 436 velle
881 399 1042 437 dicebat.
1100 399 1210 437 Idem
1259 400 1488 438 Victoriolas

146 474 304 503 'aureas
337 472 373 502 et
403 471 553 514 pateras
586 471 622 502 et
652 475 825 510 coronas,
858 476 956 514 quae
985 464 1274 502 simulacrorum
1303 466 1486 514 porrectis

111 534 150 576 ⁶5
169 531 346 567 manibus
377 529 668 574 sustinebantur,
705 529 785 566 sine
819 529 1057 566 dubitatione
1088 529 1256 575 tollebat,
1288 542 1410 579 eaque
1444 542 1486 568 se

170 595 354 643 accipere,
394 606 473 631 non
511 593 656 631 auferre
697 593 858 630 dicebat.
933 592 1030 630 Esse
1077 594 1182 631 enim
1220 593 1424 640 stultitiam,
1463 607 1486 633 a

170 661 308 710 quibus
341 660 444 697 bona
480 670 733 708 precaremur,
765 659 814 695 ab
851 658 897 695 iis
926 658 1208 707 porrigentibus
1237 665 1274 697 et
1307 659 1484 698 dantibus

169 726 271 763 nolle
304 737 465 763 sumere.
520 724 789 773 Eumdemque
823 722 949 761 serunt
968 723 1063 761 haec
1096 725 1238 769 omnia,
1261 737 1360 774 quae
1394 724 1483 771 dixi,

169 790 317 828 sublata
354 789 402 827 de
439 788 536 826 fanis
573 789 613 825 in
651 788 776 825 forum
813 788 1014 837 protulisse
1059 795 1096 826 et
1139 801 1207 838 per
1251 802 1484 838 praeconem

113 870 153 901 70
169 855 405 892 vendidisse:
435 860 645 903 exactaque
672 853 836 902 pecunia
864 853 1040 898 edixisse,
1062 860 1114 898 ut,
1137 854 1242 903 quod
1271 856 1433 904 quisque
1461 868 1484 893 a

169 920 284 957 sacris
321 918 488 965 haberet,
526 918 566 956 id
602 926 689 955 ante
728 917 830 954 diem
869 923 1011 954 certam
1059 918 1099 955 in
1141 930 1253 955 suum
1300 920 1483 969 quodque

167 982 300 1020 fanum
338 982 500 1020 referret.
556 981 616 1020 Ita
653 981 702 1019 ad
738 981 975 1030 impietatem
1017 981 1058 1019 in
1095 981 1189 1019 deos
1228 982 1267 1020 in
1305 982 1481 1021 homines

167 1047 339 1085 adiunxit
359 1048 544 1084 iniuriam.

221 1116 260 1150 4.
290 1111 408 1150 Hune
441 1112 553 1161 igitur
571 1124 644 1150 nec
664 1110 865 1160 Olympius
898 1110 1071 1161 Iuppiter
1103 1111 1261 1149 fulmine
1292 1113 1482 1161 percussit

111 1190 148 1224 75
168 1189 240 1215 nec
280 1177 531 1227 Aesculapius
569 1177 709 1214 misero
748 1177 1005 1226 diuturnoque
1044 1177 1181 1214 morbo
1219 1177 1482 1215 tabescentem

168 1242 369 1287 interemit,
390 1249 504 1292 atque
522 1242 562 1278 in
588 1253 658 1279 suo
687 1241 825 1278 lectulo
854 1247 1027 1278 mortuus
1056 1248 1124 1286 est,
1145 1253 1307 1291 eamque
1336 1249 1482 1291 potest-

169 1312 281 1351 atem,
313 1317 428 1356 quam
465 1306 546 1355 ipse
576 1318 646 1355 per
682 1305 805 1343 scelus
842 1311 921 1342 erat
958 1312 1104 1351 nactus,
1141 1306 1248 1355 quasi
1277 1306 1416 1343 iustam
1445 1313 1482 1344 et

167 1369 388 1419 legitimam,
426 1370 641 1408 hereditatis
678 1370 765 1408 loco
810 1370 886 1407 filio
924 1371 1089 1409 tradidit.
1164 1371 1288 1409 Invita
1327 1372 1367 1408 in
1404 1371 1480 1410 hoc

166 1435 253 1473 loco
300 1442 467 1473 versatur
504 1436 649 1473 oratio:
698 1435 844 1473 videtur
882 1436 984 1472 enim
1032 1436 1296 1473 auctoritatem
1343 1436 1480 1474 afferre

106 1509 147 1540 80
165 1500 372 1550 peccandi;
419 1507 457 1538 et
494 1507 595 1538 recte
631 1500 831 1545 videretur,
869 1500 938 1537 nisi
973 1507 1010 1538 et
1047 1501 1190 1538 virtutis
1229 1506 1266 1538 et
1303 1501 1479 1539 vitiorum

75 1582 92 1590 κ
164 1564 246 1603 sine
283 1565 360 1602 ulla
393 1565 520 1602 divina
557 1565 703 1602 ratione
736 1577 850 1613 grave
882 1564 1000 1613 ipsius
1035 1565 1292 1602 conscientiae
1324 1565 1479 1614 pondus

162 1634 274 1676 esset,
314 1642 390 1679 qua
427 1630 574 1667 sublata
620 1629 745 1666 iacent
782 1629 923 1667 omnia.
981 1627 1034 1666 Ut
1080 1629 1183 1666 enim
1221 1641 1294 1667 nec
1339 1630 1478 1668 domus

162 1705 234 1731 nec
281 1694 494 1743 respublica
540 1695 686 1731 ratione
734 1694 902 1743 quadarn
947 1700 985 1732 et
1032 1694 1232 1743 disciplina
1280 1694 1480 1744 designata

162 1758 340 1804 videatur,
377 1759 407 1796 si
445 1760 484 1796 in
523 1771 568 1796 ea
605 1771 677 1796 nec
716 1765 818 1796 recte
856 1758 965 1796 sactis
1004 1759 1174 1807 praemia
1212 1766 1362 1796 exstent
1400 1759 1477 1797 ulla

104 1828 144 1869 85
163 1834 236 1861 nec
281 1824 467 1873 supplicia
511 1823 701 1873 peccatis:
760 1823 815 1860 sic
861 1822 994 1860 mundi
1041 1822 1169 1859 divina
1215 1823 1253 1860 in
1300 1823 1477 1861 homines

162 1888 376 1935 moderatio
411 1889 584 1938 profecto
624 1888 726 1925 nulla
763 1894 831 1933 est,
861 1888 899 1925 si·
929 1888 969 1924 in
1007 1899 1052 1926 ea
1089 1887 1294 1926 discrimen
1331 1888 1478 1926 nullum

163 1959 221 1991 est
239 1953 431 1991 bonorum
450 1960 487 1990 et
505 1953 704 1990 malorum.

216 2021 254 2055 5.
285 2017 338 2054 At
374 2029 668 2068 nonnumquam
713 2018 838 2055 bonos
877 2017 999 2054 exitus
1036 2016 1178 2054 habent
1215 2017 1321 2055 boni.
1394 2018 1475 2055 Eos

162 2082 321 2132 quidem
369 2083 557 2134 arrpimus
605 2083 918 2132 attribuimusque
966 2082 1047 2119 sine
1093 2081 1168 2118 ulla
1214 2083 1362 2119 ratione
1404 2082 1475 2119 diis

100 2159 141 2190 90
159 2146 446 2184 immortalibus.
502 2146 555 2184 At
581 2146 781 2195 Diagoras,
811 2157 930 2196 quum
969 2145 1270 2183 Samothraciam
1298 2146 1473 2190 venisset,

158 2211 306 2248 Atheos
340 2211 401 2248 ille
432 2211 496 2260 qui
527 2210 672 2254 dicitur,
694 2218 807 2260 atque
839 2211 873 2247 ei
907 2211 1063 2259 quidam
1097 2212 1253 2255 amicus,
1277 2210 1374 2255 ‘Tu,
1408 2211 1472 2259 qui

157 2275 251 2313 deos
282 2282 393 2325 putas
427 2275 596 2312 humana
629 2275 832 2324 negligere,
867 2286 997 2312 nonne
1031 2275 1300 2312 animadvertis
1332 2287 1378 2311 ex
1417 2281 1473 2312 tot

156 2339 291 2378 tabulis
324 2340 446 2390 pictis,
481 2351 598 2390 quam
627 2339 734 2377 multi
766 2340 864 2376 votis
895 2339 970 2376 vim
1003 2339 1238 2389 tempestatis
1271 2339 1472 2388 effugerint

803 2413 828 2442 Ο
