1668 2509
160 101 237 132 Sect.
261 99 317 132 iv.
533 100 622 131 ΒΕΑ
633 100 768 131 UTJES
800 101 858 132 or·
886 101 1095 134 NATURE.
1401 93 1475 135 181

158 198 308 244 utilitas,
343 211 441 249 quae
473 199 522 237 ad
556 212 669 238 usum
698 200 899 238 hominum
939 207 1022 239 orta
1051 201 1100 239 ab
1129 200 1350 240 hominibus
1391 203 1480 241 solis

157 264 355 302 invenitur.

214 334 284 368 20.
315 329 528 369 Praedictio
559 339 688 370 autem
719 345 846 370 rerum
876 332 1086 370 futurarum
1124 332 1215 370 mihi
1247 333 1394 371 videtur
1420 334 1478 371 vel

80 400 140 433 535
160 395 327 433 maxime
357 396 583 435 confirmare
613 397 774 435 deorum
803 398 1042 447 providentia
1075 398 1222 435 consuli
1260 399 1374 436 rebus
1412 399 1482 436 hu-

160 461 296 498 manis.
336 461 405 500 Est
425 462 527 499 enim
548 462 721 511 profecto
743 463 934 508 divinatio,
956 475 1054 512 quae
1075 463 1202 501 multis
1229 464 1334 509 locis,
1356 465 1480 510 rebus,

159 527 398 576 temporibus
420 535 589 577 apparet,
620 540 739 577 quum
766 528 804 565 in
832 529 996 577 privatis,
1017 535 1099 566 tum
1125 530 1292 567 maxime
1318 530 1357 566 in
1384 531 1481 579 pub-

158 591 251 630 licis.
309 592 432 629 Multa
461 599 622 630 cernunt
651 593 883 642 haruspices,
923 594 1042 631 multa
1072 606 1236 643 augures
1268 595 1480 644 provident,

159 658 278 694 multa
315 658 478 695 oraculis
526 658 777 704 declarantur,
816 659 935 696 multa
981 660 1326 706 vaticinationibus,
1365 660 1483 697 multa

79 736 144 768 540
161 723 334 769 somniis,
361 724 479 761 multa
508 724 716 773 portentis;
748 724 885 772 quibus
913 725 1090 773 cognitis,
1111 725 1253 762 multae
1280 737 1396 774 saepe
1422 738 1482 764 res

160 801 207 826 ex
236 788 438 826 hominum
473 790 661 827 sententia
689 795 803 838 atque
832 790 1010 828 utilitates
1042 796 1185 839 partae,
1214 790 1333 827 multa
1366 791 1482 828 etiam

159 853 328 902 pericula
348 854 507 903 depulsa
528 861 625 892 sunt.
684 854 795 892 Haec
817 855 929 903 igitur
951 855 1029 892 sive
1048 856 1103 892 vis
1127 856 1204 892 sive
1228 867 1288 893 ars
1315 856 1392 893 sive
1416 867 1482 893 na-

159 925 243 956 tura
262 919 310 956 ad
331 920 531 957 scientiam
557 932 685 957 rerum
713 919 924 957 futurarum
952 920 1099 958 homini
1122 920 1295 969 profecto
1325 927 1383 958 est
1409 933 1482 959 nec

160 985 221 1022 alii
241 985 420 1034 cuiquam
440 997 462 1022 a
482 985 552 1022 diis
578 985 856 1022 immortalibus
884 985 984 1023 data.
1042 985 1154 1033 Quae
1181 986 1212 1023 si
1239 987 1391 1035 singula
1412 998 1482 1024 vos

79 1060 141 1092 545
161 1049 257 1088 forte
287 1062 367 1087 non
401 1057 568 1096 movent,
599 1051 776 1088 universa
807 1057 906 1088 certe
938 1058 1069 1089 tamen
1101 1052 1198 1089 inter
1232 1063 1274 1089 se
1307 1063 1484 1089 connexa

161 1122 274 1164 atque
296 1115 501 1153 coniuncta
519 1127 674 1152 movere
690 1115 898 1152 debebunt.

215 1185 275 1218 21.
306 1180 390 1218 Nec
410 1192 501 1217 vero
520 1181 697 1218 universo
726 1181 858 1229 generi
883 1181 1087 1218 hominum
1114 1181 1252 1228 solum,
1273 1182 1341 1220 sed
1368 1182 1482 1219 etiam

160 1246 319 1296 singulis
338 1259 361 1283 a
381 1247 453 1284 diis
472 1247 749 1284 immortalibus
770 1247 917 1284 consuli
937 1253 974 1284 et
993 1248 1183 1296 provideri
1210 1248 1318 1286 solet.
1374 1247 1483 1286 Licet

161 1313 265 1350 enim
292 1312 518 1350 contrahere
537 1312 821 1349 universitatem
842 1313 993 1361 generis
1017 1312 1175 1349 humani
1205 1325 1368 1362 eamque
1395 1325 1481 1362 gra-

82 1392 145 1424 550
163 1378 278 1416 datim
308 1377 357 1414 ad
380 1377 592 1426 pauciores,
614 1382 810 1426 postremo
839 1377 1028 1415 deducere
1059 1378 1108 1415 ad
1135 1378 1319 1426 singulos.
1378 1377 1482 1415 Nam

162 1444 194 1481 si
223 1443 402 1481 omnibus
431 1441 663 1488 hominibus,
693 1442 758 1490 qui
787 1442 928 1491 ubique
953 1448 1051 1489 sunt,
1082 1455 1325 1492 quacumque
1351 1444 1392 1480 in
1415 1455 1484 1481 ora

160 1521 205 1546 ac
233 1515 340 1557 parte
369 1515 564 1552 terrarum,
587 1508 636 1544 ab
665 1507 823 1544 huiusce
853 1514 985 1554 terrae,
1016 1520 1133 1557 quam
1161 1520 1234 1546 nos
1264 1509 1480 1554 incolimus,

161 1573 449 1612 continuatione
479 1573 713 1618 distantium,
744 1573 838 1610 deos
872 1573 1073 1610 consulere
1104 1585 1307 1611 censemus
1337 1574 1389 1611 ob
1418 1585 1483 1611 eas

162 1652 310 1685 causas,
331 1650 426 1688 quas
447 1645 534 1675 ante
555 1638 742 1675 diximus:
772 1638 830 1675 his
851 1650 1006 1688 quoque
1026 1639 1246 1676 hominibus
1263 1639 1481 1684 consulunt,

84 1720 145 1753 555
163 1706 228 1755 qui
260 1705 330 1742 has
358 1704 562 1741 nobiscum
591 1710 709 1741 terras
738 1704 787 1740 ab
816 1705 962 1741 oriente
991 1704 1041 1741 ad
1069 1704 1309 1741 occidentem
1340 1705 1481 1742 colunt.

164 1770 232 1808 Sin
262 1776 390 1808 autem
423 1769 468 1806 iis
501 1768 716 1813 consulunt,
747 1768 812 1818 qui
841 1770 950 1818 quasi
977 1781 1160 1818 magnam
1189 1768 1398 1818 quamdam
1426 1769 1482 1806 in-

164 1835 286 1873 sulam
305 1834 486 1880 incolunt,
508 1845 624 1883 quam
644 1845 716 1870 nos
736 1833 871 1870 orbem
890 1841 1010 1871 terrae
1039 1846 1244 1872 vocamus:
1274 1835 1390 1873 etiam
1413 1835 1483 1873 illis

164 1900 380 1944 consulunt,
409 1898 474 1948 qui
503 1905 628 1947 partes
658 1898 738 1935 eius
765 1895 910 1936 insulae
939 1906 1081 1945 tenent,
1105 1899 1316 1949 Europam,
1337 1900 1482 1946 Asiam,

165 1964 347 2002 Africam.
378 1963 484 2011 Ergo
504 1970 541 2000 et
560 1975 690 2000 earum
709 1970 836 2011 partes
856 1964 1030 2013 diligunt,
1046 1970 1087 2001 ut
1101 1963 1281 2010 Romam,
1295 1964 1482 2010 Athenas,

86 2034 149 2076 560
167 2029 353 2079 Spartam,
384 2028 579 2073 Rhodum,
604 2034 640 2065 et
664 2040 794 2065 earum
818 2029 968 2065 urbium
995 2029 1200 2078 separatim
1225 2030 1274 2066 ab
1300 2030 1483 2067 universis

167 2094 338 2144 singulos
359 2093 537 2141 diligunt,
550 2099 590 2129 ut
610 2092 743 2141 Pyrrhi
765 2093 864 2130 bello
886 2092 1057 2140 Curium,
1081 2094 1309 2140 Fabricium,
1332 2094 1483 2132 Corun-

166 2160 331 2204 canium,
360 2158 485 2207 primo
513 2157 660 2194 Punico
689 2156 920 2203 Calatinum,
947 2158 1143 2204 Duillium,
1173 2158 1384 2204 Metellum,
1406 2159 1483 2196 Lu-

166 2225 322 2268 tatium;
365 2222 536 2259 secundo
567 2220 794 2268 Maximum,
834 2222 1075 2270 Marcellum,
1108 2223 1353 2269 Africanum
1394 2233 1484 2272 post

166 2290 241 2327 hos
269 2287 454 2332 Paullum,
489 2285 720 2332 Gracchum,
759 2286 960 2334 Catonem,
995 2295 1147 2337 patrum
1175 2300 1265 2325 vero
1297 2290 1484 2327 memoria

88 2363 151 2405 565
171 2354 404 2404 Scipionem,
434 2350 631 2397 Laelium;
664 2351 882 2402 multosque
907 2360 1104 2402 praeterea
1129 2358 1166 2390 et
1193 2359 1324 2390 nostra
1353 2353 1483 2392 civitas
