1668 2509
164 75 244 119 130
501 71 744 103 EXTRACTS
773 72 911 103 FROM
938 72 1115 103 CICERO.
1323 73 1401 103 Seet.
1425 72 1478 102 111.

159 172 273 209 nobis
301 171 482 222 gloriosa,
513 173 658 221 patriae
691 172 925 218 calamitosa,
955 173 996 210 in
1029 173 1115 210 villa
1148 172 1316 222 quadam
1349 172 1476 220 campi

160 237 324 275 Atinatis
353 249 539 282 maneres,
571 250 830 288 magnamque
859 244 1006 287 partem
1036 238 1159 275 noctis
1188 238 1394 286 vigilasses,
1427 237 1477 274 ad

160 301 283 338 lucem
306 302 471 350 denique
491 308 593 338 arcte
613 309 651 339 et
678 303 841 351 graviter
861 303 1066 340 dormitare
1092 309 1128 339 te
1156 302 1342 350 coepisse.
1399 299 1475 338 Ita-

163 377 249 414 que,
270 378 506 415 quamquam
526 366 594 403 iter
614 367 781 412 instaret,
797 379 837 404 se
858 374 986 405 tamen
1005 367 1196 405 silentium
1211 367 1291 403 fieri
1309 365 1475 407 iussisse,

162 443 287 480 neque
327 443 410 468 esse
440 443 596 480 passum
630 437 667 468 te
701 432 884 469 excitari:
924 445 1042 481 quum
1075 440 1202 469 autem
1233 437 1475 480 experrectus
1498 432 1558 462 180

160 508 262 532 esses
284 496 377 533 hora
399 496 568 533 secunda
597 495 686 542 fere,
707 503 743 534 te
773 497 844 533 sibi
868 498 1062 534 somnium
1091 497 1323 534 narravisse:
1353 496 1475 532 visum

159 561 224 597 tibi
257 573 352 606 esse,
384 573 503 610 quum
535 561 573 597 in
609 561 703 599 loeis
738 562 828 599 solis
860 570 1028 600 maestus
1057 574 1211 605 errares,
1242 560 1285 599 C.
1307 560 1475 598 Marium

133 626 247 662 'cum
282 625 448 663 fascibus
482 626 658 664 laureatis
696 639 877 677 quaerere
910 640 957 664 ex
995 634 1030 664 te
1063 627 1154 676 quid
1193 626 1306 664 tristis
1343 637 1472 671 esses;

161 703 355 740 quumque
375 698 415 728 tu
436 698 472 728 te
493 698 556 728 tua
577 692 698 741 patria
713 692 747 728 vi
767 692 920 742 pulsum
933 704 1016 729 esse
1038 693 1208 736 dixisses
1224 690 1473 740 prehendisse

160 767 249 792 eum
270 756 442 793 dextram
458 762 574 802 tuam,
596 763 632 794 et
651 757 758 794 bono
779 758 908 795 animo
929 764 965 795 te
986 758 1140 794 iussisse
1161 769 1256 802 esse,
1276 756 1473 804 lictorique
1496 763 1551 793 18:

160 821 337 869 proximo
358 821 567 867 tradidisse,
588 829 630 859 ut
655 829 692 860 te
718 823 756 859 in
783 830 1079 859 monumentum
1109 834 1220 859 suum
1244 821 1448 858 deduceret
1462 833 1472 866 ;

159 892 195 922 et
225 885 364 922 dixisse
395 886 434 922 in
463 898 510 923 eo
534 887 602 924 tibi
631 887 791 924 salutern
820 887 909 924 sore.
969 887 1072 924 Tum
1102 894 1140 924 et
1168 899 1209 924 se
1236 886 1472 923 exclamasse

159 949 331 987 Saustius
358 958 495 996 narrat,
515 952 679 989 reditum
699 953 765 989 tibi
791 952 953 989 celerem
982 959 1019 989 et
1045 952 1256 1001 gloriosum
1286 957 1471 1000 paratum,

159 1022 194 1051 et
225 1023 260 1052 te
290 1015 415 1063 ipsum
444 1016 567 1053 visum
597 1017 750 1054 somnio
781 1017 968 1054 delectari.
1026 1016 1129 1054 Nam
1159 1017 1251 1053 illud
1278 1015 1371 1052 mihi
1399 1015 1473 1064 ipsi

157 1081 327 1118 celeriter
356 1082 570 1118 nuntiatum
599 1089 668 1123 est,
692 1090 734 1119 ut
760 1082 981 1127 audivisses,
1011 1082 1050 1118 in
1078 1087 1332 1118 monumento
1361 1080 1473 1117 Marii
1496 1088 1556 1119 190

156 1145 203 1182 de
235 1151 301 1182 tuo
334 1145 457 1182 reditu
489 1147 912 1195 magnificentissimum
946 1147 1037 1184 illud
1068 1154 1222 1184 senatus
1255 1145 1472 1184 consultum

156 1222 241 1247 esse
277 1210 430 1256 factum,
469 1211 655 1249 referente
694 1213 843 1261 optimo
882 1219 919 1249 et
950 1212 1159 1249 clarissimo
1192 1212 1271 1248 viro
1302 1211 1471 1255 consule,

155 1275 272 1325 idque
306 1275 614 1324 frequentissimo
647 1277 807 1322 theatro,
837 1277 1047 1314 incredibili
1073 1277 1240 1314 clamore
1270 1283 1308 1313 et
1335 1275 1472 1324 plausu

154 1342 461 1390 comprobatum,
484 1342 624 1380 dixisse
646 1349 692 1390 te,
713 1343 805 1380 nihil
830 1343 894 1381 illo
913 1343 1058 1380 Atinati
1077 1342 1230 1380 somnio
1257 1341 1336 1379 fieri
1355 1353 1470 1391 posse

153 1406 330 1444 divinius.
1207 1443 1211 1447 ,
1494 1407 1553 1439 ¹95

489 1651 809 1694 SCIPIO‘S
862 1651 1159 1693 DREAM.

203 1840 234 1873 1.
268 1837 400 1883 Quum
433 1835 473 1872 in
501 1835 673 1873 Africam
706 1836 896 1873 venissem
931 1835 999 1873 Μ’.
1031 1835 1192 1873 Manilio
1232 1835 1380 1873 consuli
1418 1835 1468 1876 ad

150 1908 324 1951 quartam
357 1901 551 1949 legionem
591 1901 775 1946 tribunus,
813 1908 855 1938 ut
892 1900 1005 1945 scitis,
1040 1901 1212 1945 militurn,
1246 1900 1338 1936 nihil
1375 1899 1468 1937 mihi

149 1965 276 2014 potius
296 1965 364 2002 fuit
391 1977 506 2014 quam
526 1972 567 2002 ut
596 1964 844 2002 Masinissam
871 1966 1126 2009 convenirem,
1146 1977 1278 2014 regern
1303 1964 1466 2001 familiae

149 2038 302 2067 nostrae
336 2030 441 2066 iustis
475 2029 523 2066 de
558 2030 681 2066 causis
720 2030 1003 2067 amicissimum.
1059 2029 1124 2066 Ad
1155 2042 1269 2079 quem
1297 2037 1340 2066 ut
1367 2029 1465 2074 veni,

149 2094 376 2143 complexus
404 2106 467 2131 me
502 2106 619 2131 senex
650 2094 929 2140 collacrimavit,
960 2094 1230 2143 aliquantoque
1261 2100 1350 2143 post
1383 2105 1464 2131 sus·
1483 2114 1501 2145 5

150 2160 253 2208 pexit
281 2159 320 2195 in
349 2159 509 2203 caelum,
539 2165 586 2204 et,
617 2162 625 2177 ‘
643 2158 805 2204 Grates,’
826 2160 958 2208 inquit,
980 2160 1070 2196 ‘tibi
1100 2171 1186 2208 ago,
1208 2171 1356 2196 summe
1387 2157 1462 2202 Sol,

147 2225 344 2273 vobisque,
382 2224 517 2272 reliqui
555 2223 732 2268 Caelites,
772 2224 877 2273 quod
917 2231 1004 2262 ante
1043 2237 1158 2274 quam
1197 2236 1245 2260 ex
1283 2223 1354 2260 hac
1389 2224 1465 2260 vita

146 2288 271 2338 migro
304 2288 502 2338 conspicio
536 2288 576 2325 in
604 2300 692 2325 meo
729 2300 847 2337 regno
876 2296 915 2327 et
946 2289 1004 2326 his
1037 2290 1146 2326 tectis
1180 2288 1222 2325 P.
1244 2287 1464 2326 Cornelium
