<?xml version="1.0" encoding="UTF-8"?>
<!DOCTYPE html PUBLIC "-//W3C//DTD XHTML 1.0 Transitional//EN"
    "http://www.w3.org/TR/xhtml1/DTD/xhtml1-transitional.dtd">
<html xmlns="http://www.w3.org/1999/xhtml" xml:lang="en" lang="en">
 <head>
  <title>
</title>
<meta http-equiv="Content-Type" content="text/html;charset=utf-8" />
  <meta name='ocr-system' content='tesseract 3.04.00' />
  <meta name='ocr-capabilities' content='ocr_page ocr_carea ocr_par ocr_line ocrx_word'/>
</head>
<body>
  <div class='ocr_page' id='page_1' title='image "./extractsfromcice02ciceuoft_0031.png"; bbox 0 0 1668 2509; ppageno 0'>
   <div class='ocr_carea' id='block_1_1' title="bbox 147 67 1462 114">
    <p class='ocr_par' dir='ltr' id='par_1_1' title="bbox 147 67 1462 114">
     <span class='ocr_line' id='line_1_1' title="bbox 147 67 1462 114; baseline 0.003 -15"><span class='ocrx_word' id='word_1_1' title='bbox 147 67 243 108; x_wconf 87' lang='lat' dir='ltr'>Chap.</span> <span class='ocrx_word' id='word_1_2' title='bbox 266 68 320 100; x_wconf 85' lang='lat' dir='ltr'>VI.</span> <span class='ocrx_word' id='word_1_3' title='bbox 545 68 703 99; x_wconf 86' lang='lat' dir='ltr'>OMENS</span> <span class='ocrx_word' id='word_1_4' title='bbox 733 68 832 98; x_wconf 83' lang='lat' dir='ltr'>AND</span> <span class='ocrx_word' id='word_1_5' title='bbox 863 68 1066 101; x_wconf 82' lang='lat' dir='ltr'><em>DREAMS.</em></span> <span class='ocrx_word' id='word_1_6' title='bbox 1386 74 1462 114; x_wconf 87' lang='lat'>127</span> 
     </span>
    </p>
   </div>
   <div class='ocr_carea' id='block_1_2' title="bbox 85 168 1466 546">
    <p class='ocr_par' dir='ltr' id='par_1_2' title="bbox 89 168 1466 480">
     <span class='ocr_line' id='line_1_2' title="bbox 89 168 1464 220; baseline 0 -13"><span class='ocrx_word' id='word_1_7' title='bbox 89 177 129 212; x_wconf 74' lang='lat'>55</span> <span class='ocrx_word' id='word_1_8' title='bbox 203 172 239 207; x_wconf 87' lang='lat'>7.</span> <span class='ocrx_word' id='word_1_9' title='bbox 273 168 349 206; x_wconf 87' lang='lat' dir='ltr'>Sed</span> <span class='ocrx_word' id='word_1_10' title='bbox 375 169 571 207; x_wconf 86' lang='lat' dir='ltr'>veniamus</span> <span class='ocrx_word' id='word_1_11' title='bbox 605 183 719 216; x_wconf 89' lang='lat' dir='ltr'>nunc,</span> <span class='ocrx_word' id='word_1_12' title='bbox 740 171 771 209; x_wconf 92' lang='lat' dir='ltr'>si</span> <span class='ocrx_word' id='word_1_13' title='bbox 799 171 935 220; x_wconf 83' lang='lat' dir='ltr'>placet,</span> <span class='ocrx_word' id='word_1_14' title='bbox 956 170 1005 208; x_wconf 90' lang='lat' dir='ltr'>ad</span> <span class='ocrx_word' id='word_1_15' title='bbox 1036 170 1186 208; x_wconf 88' lang='lat' dir='ltr'>somnia</span> <span class='ocrx_word' id='word_1_16' title='bbox 1215 170 1464 220; x_wconf 83' lang='lat' dir='ltr'>philosopho-</span> 
     </span>
     <span class='ocr_line' id='line_1_3' title="bbox 149 233 1466 284; baseline 0.002 -14"><span class='ocrx_word' id='word_1_17' title='bbox 149 246 243 271; x_wconf 89' lang='lat' dir='ltr'><strong>rum.</strong></span> <span class='ocrx_word' id='word_1_18' title='bbox 302 233 371 272; x_wconf 87' lang='lat' dir='ltr'>Est</span> <span class='ocrx_word' id='word_1_19' title='bbox 401 235 505 284; x_wconf 88' lang='lat' dir='ltr'>apud</span> <span class='ocrx_word' id='word_1_20' title='bbox 525 234 725 273; x_wconf 80' lang='lat' dir='ltr'>Platonem</span> <span class='ocrx_word' id='word_1_21' title='bbox 756 235 944 281; x_wconf 85' lang='lat' dir='ltr'>Socrates,</span> <span class='ocrx_word' id='word_1_22' title='bbox 966 247 1086 284; x_wconf 91' lang='lat' dir='ltr'>quum</span> <span class='ocrx_word' id='word_1_23' title='bbox 1113 241 1213 272; x_wconf 90' lang='lat' dir='ltr'>esset</span> <span class='ocrx_word' id='word_1_24' title='bbox 1233 236 1272 272; x_wconf 90' lang='lat' dir='ltr'>in</span> <span class='ocrx_word' id='word_1_25' title='bbox 1293 236 1466 273; x_wconf 86' lang='lat' dir='ltr'>custodia</span> 
     </span>
     <span class='ocr_line' id='line_1_4' title="bbox 148 299 1464 349; baseline 0.002 -13"><span class='ocrx_word' id='word_1_26' title='bbox 148 299 310 348; x_wconf 86' lang='lat' dir='ltr'>publica,</span> <span class='ocrx_word' id='word_1_27' title='bbox 332 300 464 337; x_wconf 87' lang='lat' dir='ltr'>dicens</span> <span class='ocrx_word' id='word_1_28' title='bbox 492 299 650 346; x_wconf 86' lang='lat' dir='ltr'>Critoni,</span> <span class='ocrx_word' id='word_1_29' title='bbox 673 313 743 338; x_wconf 92' lang='lat' dir='ltr'>suo</span> <span class='ocrx_word' id='word_1_30' title='bbox 775 301 958 346; x_wconf 77' lang='lat' dir='ltr'>familiari,</span> <span class='ocrx_word' id='word_1_31' title='bbox 980 300 1050 337; x_wconf 81' lang='lat' dir='ltr'>sibi</span> <span class='ocrx_word' id='word_1_32' title='bbox 1077 307 1165 349; x_wconf 92' lang='lat' dir='ltr'>post</span> <span class='ocrx_word' id='word_1_33' title='bbox 1184 301 1336 338; x_wconf 90' lang='lat' dir='ltr'>tertium</span> <span class='ocrx_word' id='word_1_34' title='bbox 1363 301 1464 338; x_wconf 91' lang='lat' dir='ltr'>diem</span> 
     </span>
     <span class='ocr_line' id='line_1_5' title="bbox 146 365 1464 414; baseline 0.002 -13"><span class='ocrx_word' id='word_1_35' title='bbox 146 376 229 402; x_wconf 86' lang='lat' dir='ltr'>esse</span> <span class='ocrx_word' id='word_1_36' title='bbox 249 365 514 402; x_wconf 87' lang='lat' dir='ltr'>moriendum:</span> <span class='ocrx_word' id='word_1_37' title='bbox 544 366 681 403; x_wconf 89' lang='lat' dir='ltr'>vidisse</span> <span class='ocrx_word' id='word_1_38' title='bbox 709 378 749 403; x_wconf 85' lang='lat' dir='ltr'>se</span> <span class='ocrx_word' id='word_1_39' title='bbox 780 366 818 403; x_wconf 91' lang='lat' dir='ltr'>in</span> <span class='ocrx_word' id='word_1_40' title='bbox 848 366 995 402; x_wconf 90' lang='lat' dir='ltr'>somnis</span> <span class='ocrx_word' id='word_1_41' title='bbox 1025 365 1305 414; x_wconf 82' lang='lat' dir='ltr'>pulchritudine</span> <span class='ocrx_word' id='word_1_42' title='bbox 1326 366 1464 403; x_wconf 83' lang='lat' dir='ltr'>eximia</span> 
     </span>
     <span class='ocr_line' id='line_1_6' title="bbox 148 429 1461 480; baseline 0.001 -14"><span class='ocrx_word' id='word_1_43' title='bbox 148 429 340 474; x_wconf 80' lang='lat' dir='ltr'>feminam,</span> <span class='ocrx_word' id='word_1_44' title='bbox 380 442 478 479; x_wconf 88' lang='lat' dir='ltr'>quae</span> <span class='ocrx_word' id='word_1_45' title='bbox 501 443 557 467; x_wconf 86' lang='lat' dir='ltr'>·se</span> <span class='ocrx_word' id='word_1_46' title='bbox 596 431 753 468; x_wconf 91' lang='lat' dir='ltr'>nomine</span> <span class='ocrx_word' id='word_1_47' title='bbox 793 430 990 480; x_wconf 86' lang='lat' dir='ltr'>appellans</span> <span class='ocrx_word' id='word_1_48' title='bbox 1030 431 1171 468; x_wconf 88' lang='lat' dir='ltr'>diceret</span> <span class='ocrx_word' id='word_1_49' title='bbox 1209 430 1461 469; x_wconf 87' lang='lat' dir='ltr'>Homericum</span> 
     </span>
    </p>

    <p class='ocr_par' dir='ltr' id='par_1_3' title="bbox 85 496 767 546">
     <span class='ocr_line' id='line_1_7' title="bbox 85 496 767 546; baseline 0.001 -13"><span class='ocrx_word' id='word_1_50' title='bbox 85 501 128 533; x_wconf 90' lang='lat'>80</span> <span class='ocrx_word' id='word_1_51' title='bbox 146 496 353 546; x_wconf 85' lang='lat' dir='ltr'>quemdam</span> <span class='ocrx_word' id='word_1_52' title='bbox 383 496 572 534; x_wconf 82' lang='lat' dir='ltr'>eiusmodi</span> <span class='ocrx_word' id='word_1_53' title='bbox 591 509 742 534; x_wconf 91' lang='lat' dir='ltr'>versum</span> <span class='ocrx_word' id='word_1_54' title='bbox 758 508 767 534; x_wconf 72' lang='grc' dir='ltr'><strong><em>ε</em></strong></span> 
     </span>
    </p>
   </div>
   <div class='ocr_carea' id='block_1_3' title="bbox 425 582 1184 625">
    <p class='ocr_par' dir='ltr' id='par_1_4' title="bbox 425 582 1184 625">
     <span class='ocr_line' id='line_1_8' title="bbox 425 582 1184 625; baseline 0.001 -12"><span class='ocrx_word' id='word_1_55' title='bbox 425 583 536 614; x_wconf 83' lang='lat' dir='ltr'>Tertia</span> <span class='ocrx_word' id='word_1_56' title='bbox 553 587 585 614; x_wconf 86' lang='lat' dir='ltr'>te</span> <span class='ocrx_word' id='word_1_57' title='bbox 601 582 738 614; x_wconf 85' lang='lat' dir='ltr'>Phthiae</span> <span class='ocrx_word' id='word_1_58' title='bbox 755 588 930 625; x_wconf 79' lang='lat' dir='ltr'>tempestas</span> <span class='ocrx_word' id='word_1_59' title='bbox 948 583 1033 614; x_wconf 83' lang='lat' dir='ltr'>laeta</span> <span class='ocrx_word' id='word_1_60' title='bbox 1050 583 1184 615; x_wconf 84' lang='lat' dir='ltr'>locabit.</span> 
     </span>
    </p>
   </div>
   <div class='ocr_carea' id='block_1_4' title="bbox 63 661 1462 2346">
    <p class='ocr_par' dir='ltr' id='par_1_5' title="bbox 146 661 1462 843">
     <span class='ocr_line' id='line_1_9' title="bbox 146 661 1458 711; baseline -0.002 -10"><span class='ocrx_word' id='word_1_61' title='bbox 146 662 266 710; x_wconf 89' lang='lat' dir='ltr'>Quod</span> <span class='ocrx_word' id='word_1_62' title='bbox 304 669 345 700; x_wconf 93' lang='lat' dir='ltr'>ut</span> <span class='ocrx_word' id='word_1_63' title='bbox 383 669 440 699; x_wconf 90' lang='lat' dir='ltr'>est</span> <span class='ocrx_word' id='word_1_64' title='bbox 479 663 623 699; x_wconf 87' lang='lat' dir='ltr'>(lictum</span> <span class='ocrx_word' id='word_1_65' title='bbox 662 663 715 700; x_wconf 91' lang='lat' dir='ltr'>sic</span> <span class='ocrx_word' id='word_1_66' title='bbox 754 663 929 699; x_wconf 80' lang='lat' dir='ltr'>scribitur</span> <span class='ocrx_word' id='word_1_67' title='bbox 962 662 1181 711; x_wconf 82' lang='lat' dir='ltr'>contigisse.</span> <span class='ocrx_word' id='word_1_68' title='bbox 1240 661 1458 710; x_wconf 89' lang='lat' dir='ltr'>Xenophon</span> 
     </span>
     <span class='ocr_line' id='line_1_10' title="bbox 147 726 1461 777; baseline -0.002 -10"><span class='ocrx_word' id='word_1_69' title='bbox 147 728 364 767; x_wconf 86' lang='lat' dir='ltr'>Socraticus</span> <span class='ocrx_word' id='word_1_70' title='bbox 388 727 469 777; x_wconf 88' lang='lat' dir='ltr'>(qui</span> <span class='ocrx_word' id='word_1_71' title='bbox 489 728 543 764; x_wconf 92' lang='lat' dir='ltr'>vir</span> <span class='ocrx_word' id='word_1_72' title='bbox 574 734 611 764; x_wconf 91' lang='lat' dir='ltr'>et</span> <span class='ocrx_word' id='word_1_73' title='bbox 630 734 795 776; x_wconf 87' lang='lat' dir='ltr'>quantus</span> <span class='ocrx_word' id='word_1_74' title='bbox 810 729 835 776; x_wconf 80' lang='lat'>1)</span> <span class='ocrx_word' id='word_1_75' title='bbox 867 728 907 765; x_wconf 91' lang='lat' dir='ltr'>in</span> <span class='ocrx_word' id='word_1_76' title='bbox 927 740 972 765; x_wconf 86' lang='lat' dir='ltr'>ea</span> <span class='ocrx_word' id='word_1_77' title='bbox 991 728 1134 772; x_wconf 86' lang='lat' dir='ltr'>militia,</span> <span class='ocrx_word' id='word_1_78' title='bbox 1156 739 1232 776; x_wconf 83' lang='lat' dir='ltr'>qua</span> <span class='ocrx_word' id='word_1_79' title='bbox 1252 739 1341 764; x_wconf 87' lang='lat' dir='ltr'>cum</span> <span class='ocrx_word' id='word_1_80' title='bbox 1361 726 1461 776; x_wconf 76' lang='lat' dir='ltr'>Cyro</span> 
     </span>
     <span class='ocr_line' id='line_1_11' title="bbox 146 792 1462 843; baseline -0.001 -13"><span class='ocrx_word' id='word_1_81' title='bbox 146 794 294 831; x_wconf 83' lang='lat' dir='ltr'>minore</span> <span class='ocrx_word' id='word_1_82' title='bbox 327 793 548 843; x_wconf 86' lang='lat' dir='ltr'>perfunctus</span> <span class='ocrx_word' id='word_1_83' title='bbox 582 800 650 838; x_wconf 86' lang='lat' dir='ltr'>est,</span> <span class='ocrx_word' id='word_1_84' title='bbox 671 805 738 830; x_wconf 78' lang='lat' dir='ltr'>sua</span> <span class='ocrx_word' id='word_1_85' title='bbox 764 793 893 830; x_wconf 81' lang='lat' dir='ltr'>scribit</span> <span class='ocrx_word' id='word_1_86' title='bbox 919 792 1092 838; x_wconf 83' lang='lat' dir='ltr'>somnia3</span> <span class='ocrx_word' id='word_1_87' title='bbox 1123 804 1288 841; x_wconf 89' lang='lat' dir='ltr'>quorum</span> <span class='ocrx_word' id='word_1_88' title='bbox 1307 800 1462 829; x_wconf 79' lang='lat' dir='ltr'>eventus</span> 
     </span>
    </p>

    <p class='ocr_par' dir='ltr' id='par_1_6' title="bbox 85 857 1461 962">
     <span class='ocr_line' id='line_1_12' title="bbox 85 857 1461 906; baseline 0 -12"><span class='ocrx_word' id='word_1_89' title='bbox 85 862 126 903; x_wconf 89' lang='lat'>85</span> <span class='ocrx_word' id='word_1_90' title='bbox 147 859 336 896; x_wconf 84' lang='lat' dir='ltr'>mirabiles</span> <span class='ocrx_word' id='word_1_91' title='bbox 375 858 609 896; x_wconf 82' lang='lat' dir='ltr'>exstiterunt.</span> <span class='ocrx_word' id='word_1_92' title='bbox 677 857 832 896; x_wconf 88' lang='lat' dir='ltr'>Mentiri</span> <span class='ocrx_word' id='word_1_93' title='bbox 870 857 1184 906; x_wconf 86' lang='lat' dir='ltr'>Xenophontem,</span> <span class='ocrx_word' id='word_1_94' title='bbox 1219 870 1268 894; x_wconf 86' lang='lat' dir='ltr'>an</span> <span class='ocrx_word' id='word_1_95' title='bbox 1307 857 1461 894; x_wconf 82' lang='lat' dir='ltr'>delirare</span> 
     </span>
     <span class='ocr_line' id='line_1_13' title="bbox 144 924 342 962; baseline -0.005 0"><span class='ocrx_word' id='word_1_96' title='bbox 144 924 342 962; x_wconf 84' lang='lat' dir='ltr'>dicemus?</span> 
     </span>
    </p>

    <p class='ocr_par' dir='ltr' id='par_1_7' title="bbox 145 988 1460 1170">
     <span class='ocr_line' id='line_1_14' title="bbox 201 988 1460 1038; baseline -0.001 -11"><span class='ocrx_word' id='word_1_97' title='bbox 201 994 238 1028; x_wconf 90' lang='lat'>8.</span> <span class='ocrx_word' id='word_1_98' title='bbox 271 989 406 1036; x_wconf 85' lang='lat' dir='ltr'>Quid?</span> <span class='ocrx_word' id='word_1_99' title='bbox 437 989 616 1038; x_wconf 81' lang='lat' dir='ltr'>singulari</span> <span class='ocrx_word' id='word_1_100' title='bbox 636 989 689 1026; x_wconf 92' lang='lat' dir='ltr'>vir</span> <span class='ocrx_word' id='word_1_101' title='bbox 709 989 865 1038; x_wconf 84' lang='lat' dir='ltr'>ingenio</span> <span class='ocrx_word' id='word_1_102' title='bbox 885 988 1110 1027; x_wconf 80' lang='lat' dir='ltr'>Aristoteles</span> <span class='ocrx_word' id='word_1_103' title='bbox 1131 995 1167 1026; x_wconf 89' lang='lat' dir='ltr'>et</span> <span class='ocrx_word' id='word_1_104' title='bbox 1188 1001 1310 1037; x_wconf 89' lang='lat' dir='ltr'>paene</span> <span class='ocrx_word' id='word_1_105' title='bbox 1333 989 1460 1026; x_wconf 87' lang='lat' dir='ltr'>divino</span> 
     </span>
     <span class='ocr_line' id='line_1_15' title="bbox 145 1054 1459 1105; baseline -0.001 -13"><span class='ocrx_word' id='word_1_106' title='bbox 145 1056 277 1105; x_wconf 89' lang='lat' dir='ltr'>ipsene</span> <span class='ocrx_word' id='word_1_107' title='bbox 306 1061 414 1100; x_wconf 86' lang='lat' dir='ltr'>errat,</span> <span class='ocrx_word' id='word_1_108' title='bbox 442 1067 491 1092; x_wconf 89' lang='lat' dir='ltr'>an</span> <span class='ocrx_word' id='word_1_109' title='bbox 525 1055 619 1092; x_wconf 89' lang='lat' dir='ltr'>alios</span> <span class='ocrx_word' id='word_1_110' title='bbox 650 1055 728 1092; x_wconf 90' lang='lat' dir='ltr'>vult</span> <span class='ocrx_word' id='word_1_111' title='bbox 761 1067 895 1100; x_wconf 85' lang='lat' dir='ltr'>errare,</span> <span class='ocrx_word' id='word_1_112' title='bbox 920 1066 1040 1103; x_wconf 89' lang='lat' dir='ltr'>quum</span> <span class='ocrx_word' id='word_1_113' title='bbox 1074 1054 1213 1099; x_wconf 83' lang='lat' dir='ltr'>scribit,</span> <span class='ocrx_word' id='word_1_114' title='bbox 1243 1054 1459 1091; x_wconf 85' lang='lat' dir='ltr'>Eudemum</span> 
     </span>
     <span class='ocr_line' id='line_1_16' title="bbox 145 1119 1459 1170; baseline -0.002 -12"><span class='ocrx_word' id='word_1_115' title='bbox 145 1120 340 1170; x_wconf 83' lang='lat' dir='ltr'>Cyprium,</span> <span class='ocrx_word' id='word_1_116' title='bbox 368 1119 591 1157; x_wconf 85' lang='lat' dir='ltr'>familiarem</span> <span class='ocrx_word' id='word_1_117' title='bbox 626 1131 749 1165; x_wconf 89' lang='lat' dir='ltr'>suum,</span> <span class='ocrx_word' id='word_1_118' title='bbox 779 1120 849 1156; x_wconf 88' lang='lat' dir='ltr'>iter</span> <span class='ocrx_word' id='word_1_119' title='bbox 876 1121 915 1156; x_wconf 90' lang='lat' dir='ltr'>in</span> <span class='ocrx_word' id='word_1_120' title='bbox 949 1119 1222 1156; x_wconf 84' lang='lat' dir='ltr'>Macedoniam</span> <span class='ocrx_word' id='word_1_121' title='bbox 1260 1119 1459 1156; x_wconf 80' lang='lat' dir='ltr'>facientem</span> 
     </span>
    </p>

    <p class='ocr_par' dir='ltr' id='par_1_8' title="bbox 82 1185 1462 1496">
     <span class='ocr_line' id='line_1_17' title="bbox 82 1185 1457 1235; baseline -0.001 -11"><span class='ocrx_word' id='word_1_122' title='bbox 82 1193 124 1224; x_wconf 87' lang='lat'>90</span> <span class='ocrx_word' id='word_1_123' title='bbox 145 1186 288 1224; x_wconf 88' lang='lat' dir='ltr'>Pheras</span> <span class='ocrx_word' id='word_1_124' title='bbox 312 1186 486 1230; x_wconf 87' lang='lat' dir='ltr'>venisse;</span> <span class='ocrx_word' id='word_1_125' title='bbox 517 1197 615 1235; x_wconf 87' lang='lat' dir='ltr'>quae</span> <span class='ocrx_word' id='word_1_126' title='bbox 645 1192 724 1223; x_wconf 83' lang='lat' dir='ltr'>erat</span> <span class='ocrx_word' id='word_1_127' title='bbox 743 1186 833 1223; x_wconf 91' lang='lat' dir='ltr'>urbs</span> <span class='ocrx_word' id='word_1_128' title='bbox 860 1186 899 1222; x_wconf 93' lang='lat' dir='ltr'>in</span> <span class='ocrx_word' id='word_1_129' title='bbox 920 1185 1121 1222; x_wconf 80' lang='lat' dir='ltr'>Thessalia</span> <span class='ocrx_word' id='word_1_130' title='bbox 1150 1191 1232 1221; x_wconf 92' lang='lat' dir='ltr'>tum</span> <span class='ocrx_word' id='word_1_131' title='bbox 1252 1185 1457 1222; x_wconf 87' lang='lat' dir='ltr'>admodum</span> 
     </span>
     <span class='ocr_line' id='line_1_18' title="bbox 143 1250 1458 1299; baseline -0.003 -9"><span class='ocrx_word' id='word_1_132' title='bbox 143 1252 293 1296; x_wconf 89' lang='lat' dir='ltr'>nobilis,</span> <span class='ocrx_word' id='word_1_133' title='bbox 314 1252 364 1289; x_wconf 88' lang='lat' dir='ltr'>ab</span> <span class='ocrx_word' id='word_1_134' title='bbox 384 1251 605 1288; x_wconf 76' lang='lat' dir='ltr'>Alexandro</span> <span class='ocrx_word' id='word_1_135' title='bbox 626 1258 754 1288; x_wconf 90' lang='lat' dir='ltr'>autem</span> <span class='ocrx_word' id='word_1_136' title='bbox 778 1257 940 1299; x_wconf 86' lang='lat' dir='ltr'>tyranno</span> <span class='ocrx_word' id='word_1_137' title='bbox 966 1250 1107 1287; x_wconf 88' lang='lat' dir='ltr'>crudeli</span> <span class='ocrx_word' id='word_1_138' title='bbox 1135 1250 1334 1287; x_wconf 89' lang='lat' dir='ltr'>dominatu</span> <span class='ocrx_word' id='word_1_139' title='bbox 1357 1256 1458 1287; x_wconf 89' lang='lat' dir='ltr'>tene-</span> 
     </span>
     <span class='ocr_line' id='line_1_19' title="bbox 141 1315 1460 1365; baseline -0.003 -10"><span class='ocrx_word' id='word_1_140' title='bbox 141 1319 273 1355; x_wconf 86' lang='lat' dir='ltr'>batur:</span> <span class='ocrx_word' id='word_1_141' title='bbox 307 1317 347 1354; x_wconf 91' lang='lat' dir='ltr'>in</span> <span class='ocrx_word' id='word_1_142' title='bbox 378 1328 425 1354; x_wconf 92' lang='lat' dir='ltr'>eo</span> <span class='ocrx_word' id='word_1_143' title='bbox 459 1317 571 1365; x_wconf 85' lang='lat' dir='ltr'>igitur</span> <span class='ocrx_word' id='word_1_144' title='bbox 604 1316 749 1365; x_wconf 92' lang='lat' dir='ltr'>oppido</span> <span class='ocrx_word' id='word_1_145' title='bbox 779 1316 831 1353; x_wconf 91' lang='lat' dir='ltr'>ita</span> <span class='ocrx_word' id='word_1_146' title='bbox 859 1316 1021 1365; x_wconf 85' lang='lat' dir='ltr'>graviter</span> <span class='ocrx_word' id='word_1_147' title='bbox 1049 1327 1207 1365; x_wconf 88' lang='lat' dir='ltr'>aegrum</span> <span class='ocrx_word' id='word_1_148' title='bbox 1242 1315 1460 1352; x_wconf 88' lang='lat' dir='ltr'>Eudemum</span> 
     </span>
     <span class='ocr_line' id='line_1_20' title="bbox 141 1381 1462 1429; baseline -0.002 -10"><span class='ocrx_word' id='word_1_149' title='bbox 141 1382 268 1428; x_wconf 86' lang='lat' dir='ltr'>fuisse,</span> <span class='ocrx_word' id='word_1_150' title='bbox 288 1388 330 1420; x_wconf 91' lang='lat' dir='ltr'>ut</span> <span class='ocrx_word' id='word_1_151' title='bbox 350 1394 486 1419; x_wconf 90' lang='lat' dir='ltr'>omnes</span> <span class='ocrx_word' id='word_1_152' title='bbox 505 1381 644 1418; x_wconf 85' lang='lat' dir='ltr'>medici</span> <span class='ocrx_word' id='word_1_153' title='bbox 665 1381 899 1419; x_wconf 88' lang='lat' dir='ltr'>diffiderent:</span> <span class='ocrx_word' id='word_1_154' title='bbox 929 1381 963 1418; x_wconf 92' lang='lat' dir='ltr'>ei</span> <span class='ocrx_word' id='word_1_155' title='bbox 978 1381 1101 1418; x_wconf 90' lang='lat' dir='ltr'>visum</span> <span class='ocrx_word' id='word_1_156' title='bbox 1118 1383 1156 1417; x_wconf 88' lang='lat' dir='ltr'>in</span> <span class='ocrx_word' id='word_1_157' title='bbox 1172 1381 1296 1429; x_wconf 90' lang='lat' dir='ltr'>quiete</span> <span class='ocrx_word' id='word_1_158' title='bbox 1310 1381 1462 1429; x_wconf 83' lang='lat' dir='ltr'>egregia</span> 
     </span>
     <span class='ocr_line' id='line_1_21' title="bbox 142 1446 1462 1496; baseline -0.002 -11"><span class='ocrx_word' id='word_1_159' title='bbox 142 1448 238 1486; x_wconf 88' lang='lat' dir='ltr'>facie</span> <span class='ocrx_word' id='word_1_160' title='bbox 259 1448 435 1486; x_wconf 89' lang='lat' dir='ltr'>iuvenem</span> <span class='ocrx_word' id='word_1_161' title='bbox 460 1447 598 1492; x_wconf 88' lang='lat' dir='ltr'>dicere,</span> <span class='ocrx_word' id='word_1_162' title='bbox 620 1447 700 1484; x_wconf 93' lang='lat' dir='ltr'>fore</span> <span class='ocrx_word' id='word_1_163' title='bbox 730 1454 772 1484; x_wconf 85' lang='lat' dir='ltr'>ut</span> <span class='ocrx_word' id='word_1_164' title='bbox 801 1447 972 1496; x_wconf 91' lang='lat' dir='ltr'>perbrevi</span> <span class='ocrx_word' id='word_1_165' title='bbox 1000 1447 1290 1491; x_wconf 87' lang='lat' dir='ltr'>convalesceret,</span> <span class='ocrx_word' id='word_1_166' title='bbox 1312 1446 1462 1494; x_wconf 85' lang='lat' dir='ltr'>paucis-</span> 
     </span>
    </p>

    <p class='ocr_par' dir='ltr' id='par_1_9' title="bbox 80 1511 1462 1822">
     <span class='ocr_line' id='line_1_22' title="bbox 80 1511 1462 1564; baseline -0.003 -13"><span class='ocrx_word' id='word_1_167' title='bbox 80 1527 121 1559; x_wconf 85' lang='lat'>95</span> <span class='ocrx_word' id='word_1_168' title='bbox 143 1527 216 1564; x_wconf 90' lang='lat' dir='ltr'>que</span> <span class='ocrx_word' id='word_1_169' title='bbox 237 1514 372 1551; x_wconf 90' lang='lat' dir='ltr'>diebus</span> <span class='ocrx_word' id='word_1_170' title='bbox 393 1513 628 1550; x_wconf 90' lang='lat' dir='ltr'>interiturum</span> <span class='ocrx_word' id='word_1_171' title='bbox 654 1513 918 1550; x_wconf 83' lang='lat' dir='ltr'>Alexandrum</span> <span class='ocrx_word' id='word_1_172' title='bbox 947 1518 1161 1561; x_wconf 87' lang='lat' dir='ltr'>tyrannum,</span> <span class='ocrx_word' id='word_1_173' title='bbox 1182 1511 1309 1560; x_wconf 89' lang='lat' dir='ltr'>ipsum</span> <span class='ocrx_word' id='word_1_174' title='bbox 1335 1518 1462 1548; x_wconf 86' lang='lat' dir='ltr'>autem</span> 
     </span>
     <span class='ocr_line' id='line_1_23' title="bbox 142 1576 1462 1627; baseline -0.002 -11"><span class='ocrx_word' id='word_1_175' title='bbox 142 1579 361 1617; x_wconf 88' lang='lat' dir='ltr'>Eudemum</span> <span class='ocrx_word' id='word_1_176' title='bbox 382 1579 645 1627; x_wconf 87' lang='lat' dir='ltr'>quinquennio</span> <span class='ocrx_word' id='word_1_177' title='bbox 665 1585 753 1627; x_wconf 88' lang='lat' dir='ltr'>post</span> <span class='ocrx_word' id='word_1_178' title='bbox 774 1579 934 1615; x_wconf 90' lang='lat' dir='ltr'>domum</span> <span class='ocrx_word' id='word_1_179' title='bbox 955 1589 1038 1614; x_wconf 90' lang='lat' dir='ltr'>esse</span> <span class='ocrx_word' id='word_1_180' title='bbox 1059 1577 1293 1614; x_wconf 85' lang='lat' dir='ltr'>rediturum?</span> <span class='ocrx_word' id='word_1_181' title='bbox 1333 1576 1462 1626; x_wconf 86' lang='lat' dir='ltr'>Atque</span> 
     </span>
     <span class='ocr_line' id='line_1_24' title="bbox 142 1642 1459 1693; baseline -0.003 -10"><span class='ocrx_word' id='word_1_182' title='bbox 142 1646 193 1683; x_wconf 88' lang='lat' dir='ltr'>ita</span> <span class='ocrx_word' id='word_1_183' title='bbox 213 1644 370 1693; x_wconf 88' lang='lat' dir='ltr'>quidem</span> <span class='ocrx_word' id='word_1_184' title='bbox 390 1643 514 1691; x_wconf 87' lang='lat' dir='ltr'>prima</span> <span class='ocrx_word' id='word_1_185' title='bbox 533 1644 660 1680; x_wconf 89' lang='lat' dir='ltr'>statim</span> <span class='ocrx_word' id='word_1_186' title='bbox 680 1644 806 1680; x_wconf 89' lang='lat' dir='ltr'>scribit</span> <span class='ocrx_word' id='word_1_187' title='bbox 826 1642 1050 1680; x_wconf 86' lang='lat' dir='ltr'>Aristoteles</span> <span class='ocrx_word' id='word_1_188' title='bbox 1071 1649 1289 1687; x_wconf 88' lang='lat' dir='ltr'>consecuta,</span> <span class='ocrx_word' id='word_1_189' title='bbox 1311 1648 1347 1678; x_wconf 90' lang='lat' dir='ltr'>et</span> <span class='ocrx_word' id='word_1_190' title='bbox 1367 1654 1459 1679; x_wconf 89' lang='lat' dir='ltr'>con-</span> 
     </span>
     <span class='ocr_line' id='line_1_25' title="bbox 141 1707 1460 1756; baseline -0.002 -9"><span class='ocrx_word' id='word_1_191' title='bbox 141 1710 302 1748; x_wconf 86' lang='lat' dir='ltr'>valuisse</span> <span class='ocrx_word' id='word_1_192' title='bbox 332 1709 563 1755; x_wconf 87' lang='lat' dir='ltr'>Eudemum,</span> <span class='ocrx_word' id='word_1_193' title='bbox 585 1716 622 1747; x_wconf 91' lang='lat' dir='ltr'>et</span> <span class='ocrx_word' id='word_1_194' title='bbox 641 1709 689 1746; x_wconf 87' lang='lat' dir='ltr'>ab</span> <span class='ocrx_word' id='word_1_195' title='bbox 709 1709 839 1746; x_wconf 89' lang='lat' dir='ltr'>uxoris</span> <span class='ocrx_word' id='word_1_196' title='bbox 870 1708 1045 1745; x_wconf 84' lang='lat' dir='ltr'>fratribus</span> <span class='ocrx_word' id='word_1_197' title='bbox 1065 1707 1305 1744; x_wconf 89' lang='lat' dir='ltr'>interfectum</span> <span class='ocrx_word' id='word_1_198' title='bbox 1334 1714 1460 1756; x_wconf 84' lang='lat' dir='ltr'>tyran-</span> 
     </span>
     <span class='ocr_line' id='line_1_26' title="bbox 143 1770 1461 1822; baseline -0.002 -12"><span class='ocrx_word' id='word_1_199' title='bbox 143 1786 238 1811; x_wconf 92' lang='lat' dir='ltr'>num</span> <span class='ocrx_word' id='word_1_200' title='bbox 253 1786 262 1820; x_wconf 86' lang='lat'>;</span> <span class='ocrx_word' id='word_1_201' title='bbox 293 1772 425 1822; x_wconf 89' lang='lat' dir='ltr'>quinto</span> <span class='ocrx_word' id='word_1_202' title='bbox 457 1779 585 1809; x_wconf 91' lang='lat' dir='ltr'>autem</span> <span class='ocrx_word' id='word_1_203' title='bbox 606 1783 709 1809; x_wconf 86' lang='lat' dir='ltr'>anno</span> <span class='ocrx_word' id='word_1_204' title='bbox 741 1778 917 1808; x_wconf 84' lang='lat' dir='ltr'>exeunte.</span> <span class='ocrx_word' id='word_1_205' title='bbox 940 1782 1060 1819; x_wconf 89' lang='lat' dir='ltr'>quum</span> <span class='ocrx_word' id='word_1_206' title='bbox 1081 1776 1180 1807; x_wconf 84' lang='lat' dir='ltr'>esset</span> <span class='ocrx_word' id='word_1_207' title='bbox 1217 1781 1303 1818; x_wconf 90' lang='lat' dir='ltr'>spes</span> <span class='ocrx_word' id='word_1_208' title='bbox 1323 1782 1370 1806; x_wconf 84' lang='lat' dir='ltr'>ex</span> <span class='ocrx_word' id='word_1_209' title='bbox 1397 1770 1461 1808; x_wconf 90' lang='lat' dir='ltr'>illo</span> 
     </span>
    </p>

    <p class='ocr_par' dir='ltr' id='par_1_10' title="bbox 63 1835 1462 2080">
     <span class='ocr_line' id='line_1_27' title="bbox 63 1835 1462 1887; baseline 0.001 -15"><span class='ocrx_word' id='word_1_210' title='bbox 63 1852 124 1873; x_wconf 92' lang='lat'>100</span> <span class='ocrx_word' id='word_1_211' title='bbox 144 1839 295 1876; x_wconf 89' lang='lat' dir='ltr'>somnio</span> <span class='ocrx_word' id='word_1_212' title='bbox 325 1838 364 1874; x_wconf 89' lang='lat' dir='ltr'>in</span> <span class='ocrx_word' id='word_1_213' title='bbox 394 1836 566 1887; x_wconf 90' lang='lat' dir='ltr'>Cyprum</span> <span class='ocrx_word' id='word_1_214' title='bbox 594 1837 699 1874; x_wconf 90' lang='lat' dir='ltr'>illurn</span> <span class='ocrx_word' id='word_1_215' title='bbox 719 1849 765 1874; x_wconf 85' lang='lat' dir='ltr'>ex</span> <span class='ocrx_word' id='word_1_216' title='bbox 789 1836 914 1873; x_wconf 88' lang='lat' dir='ltr'>Sicilia</span> <span class='ocrx_word' id='word_1_217' title='bbox 928 1847 1018 1872; x_wconf 89' lang='lat' dir='ltr'>esse</span> <span class='ocrx_word' id='word_1_218' title='bbox 1038 1835 1257 1880; x_wconf 86' lang='lat' dir='ltr'>rediturum,</span> <span class='ocrx_word' id='word_1_219' title='bbox 1273 1835 1462 1884; x_wconf 86' lang='lat' dir='ltr'>praelian-</span> 
     </span>
     <span class='ocr_line' id='line_1_28' title="bbox 143 1900 1461 1951; baseline -0.002 -10"><span class='ocrx_word' id='word_1_220' title='bbox 143 1911 220 1941; x_wconf 91' lang='lat' dir='ltr'>tem</span> <span class='ocrx_word' id='word_1_221' title='bbox 241 1916 329 1941; x_wconf 90' lang='lat' dir='ltr'>eum</span> <span class='ocrx_word' id='word_1_222' title='bbox 350 1903 399 1940; x_wconf 87' lang='lat' dir='ltr'>ad</span> <span class='ocrx_word' id='word_1_223' title='bbox 421 1902 626 1951; x_wconf 87' lang='lat' dir='ltr'>Syracusas</span> <span class='ocrx_word' id='word_1_224' title='bbox 648 1902 834 1939; x_wconf 88' lang='lat' dir='ltr'>occidisse</span> <span class='ocrx_word' id='word_1_225' title='bbox 852 1913 860 1938; x_wconf 73' lang='grc' dir='ltr'>ε</span> <span class='ocrx_word' id='word_1_226' title='bbox 891 1913 938 1937; x_wconf 83' lang='lat' dir='ltr'>ex</span> <span class='ocrx_word' id='word_1_227' title='bbox 968 1912 1044 1950; x_wconf 90' lang='lat' dir='ltr'>quo</span> <span class='ocrx_word' id='word_1_228' title='bbox 1075 1901 1126 1937; x_wconf 83' lang='lat' dir='ltr'>ita</span> <span class='ocrx_word' id='word_1_229' title='bbox 1145 1900 1236 1937; x_wconf 92' lang='lat' dir='ltr'>illud</span> <span class='ocrx_word' id='word_1_230' title='bbox 1267 1900 1461 1938; x_wconf 90' lang='lat' dir='ltr'>somnium</span> 
     </span>
     <span class='ocr_line' id='line_1_29' title="bbox 143 1965 1459 2017; baseline -0.004 -10"><span class='ocrx_word' id='word_1_231' title='bbox 143 1982 227 2007; x_wconf 90' lang='lat' dir='ltr'>esse</span> <span class='ocrx_word' id='word_1_232' title='bbox 247 1970 545 2017; x_wconf 88' lang='lat' dir='ltr'>interpretatum,</span> <span class='ocrx_word' id='word_1_233' title='bbox 565 1974 616 2013; x_wconf 91' lang='lat' dir='ltr'>ut,</span> <span class='ocrx_word' id='word_1_234' title='bbox 638 1979 757 2017; x_wconf 88' lang='lat' dir='ltr'>quum</span> <span class='ocrx_word' id='word_1_235' title='bbox 789 1967 939 2003; x_wconf 90' lang='lat' dir='ltr'>animus</span> <span class='ocrx_word' id='word_1_236' title='bbox 970 1965 1134 2003; x_wconf 88' lang='lat' dir='ltr'>Eudemi</span> <span class='ocrx_word' id='word_1_237' title='bbox 1169 1977 1189 2002; x_wconf 90' lang='lat' dir='ltr'>e</span> <span class='ocrx_word' id='word_1_238' title='bbox 1211 1977 1373 2014; x_wconf 90' lang='lat' dir='ltr'>corpore</span> <span class='ocrx_word' id='word_1_239' title='bbox 1394 1979 1459 2003; x_wconf 80' lang='lat' dir='ltr'>ex-</span> 
     </span>
     <span class='ocr_line' id='line_1_30' title="bbox 144 2032 1007 2080; baseline -0.006 -7"><span class='ocrx_word' id='word_1_240' title='bbox 144 2034 309 2080; x_wconf 84' lang='lat' dir='ltr'>cesserit,</span> <span class='ocrx_word' id='word_1_241' title='bbox 331 2040 411 2070; x_wconf 93' lang='lat' dir='ltr'>tum</span> <span class='ocrx_word' id='word_1_242' title='bbox 432 2034 592 2071; x_wconf 91' lang='lat' dir='ltr'>domum</span> <span class='ocrx_word' id='word_1_243' title='bbox 612 2032 808 2070; x_wconf 86' lang='lat' dir='ltr'>revertisse</span> <span class='ocrx_word' id='word_1_244' title='bbox 828 2032 1007 2069; x_wconf 84' lang='lat' dir='ltr'>videatur.</span> 
     </span>
    </p>

    <p class='ocr_par' dir='ltr' id='par_1_11' title="bbox 186 2097 1458 2148">
     <span class='ocr_line' id='line_1_31' title="bbox 186 2097 1458 2148; baseline -0.003 -9"><span class='ocrx_word' id='word_1_245' title='bbox 186 2106 236 2139; x_wconf 86' lang='lat'>·9.</span> <span class='ocrx_word' id='word_1_246' title='bbox 268 2099 538 2148; x_wconf 83' lang='lat' dir='ltr'>Adiungamus</span> <span class='ocrx_word' id='word_1_247' title='bbox 570 2097 810 2148; x_wconf 88' lang='lat' dir='ltr'>philosophis</span> <span class='ocrx_word' id='word_1_248' title='bbox 841 2097 1104 2134; x_wconf 87' lang='lat' dir='ltr'>doctissimum</span> <span class='ocrx_word' id='word_1_249' title='bbox 1133 2097 1342 2142; x_wconf 88' lang='lat' dir='ltr'>hominem,</span> <span class='ocrx_word' id='word_1_250' title='bbox 1364 2104 1458 2146; x_wconf 74' lang='lat' dir='ltr'>poe·-</span> 
     </span>
    </p>

    <p class='ocr_par' dir='ltr' id='par_1_12' title="bbox 63 2162 1458 2346">
     <span class='ocr_line' id='line_1_32' title="bbox 63 2162 1458 2218; baseline -0.001 -16"><span class='ocrx_word' id='word_1_251' title='bbox 63 2171 119 2202; x_wconf 82' lang='lat'>105</span> <span class='ocrx_word' id='word_1_252' title='bbox 142 2175 221 2206; x_wconf 89' lang='lat' dir='ltr'>tam</span> <span class='ocrx_word' id='word_1_253' title='bbox 241 2165 398 2218; x_wconf 88' lang='lat' dir='ltr'>quidem</span> <span class='ocrx_word' id='word_1_254' title='bbox 425 2164 606 2208; x_wconf 87' lang='lat' dir='ltr'>divinum,</span> <span class='ocrx_word' id='word_1_255' title='bbox 629 2163 883 2213; x_wconf 87' lang='lat' dir='ltr'>Sophoclem:</span> <span class='ocrx_word' id='word_1_256' title='bbox 914 2163 990 2212; x_wconf 88' lang='lat' dir='ltr'>qui,</span> <span class='ocrx_word' id='word_1_257' title='bbox 1011 2175 1130 2211; x_wconf 87' lang='lat' dir='ltr'>quum</span> <span class='ocrx_word' id='word_1_258' title='bbox 1161 2174 1208 2199; x_wconf 90' lang='lat' dir='ltr'>ex</span> <span class='ocrx_word' id='word_1_259' title='bbox 1235 2163 1330 2200; x_wconf 86' lang='lat' dir='ltr'>aede</span> <span class='ocrx_word' id='word_1_260' title='bbox 1358 2162 1458 2201; x_wconf 90' lang='lat' dir='ltr'>Her-</span> 
     </span>
     <span class='ocr_line' id='line_1_33' title="bbox 142 2227 1456 2282; baseline -0.002 -13"><span class='ocrx_word' id='word_1_261' title='bbox 142 2231 236 2270; x_wconf 89' lang='lat' dir='ltr'>culis</span> <span class='ocrx_word' id='word_1_262' title='bbox 256 2238 388 2282; x_wconf 85' lang='lat' dir='ltr'>patera</span> <span class='ocrx_word' id='word_1_263' title='bbox 406 2241 519 2266; x_wconf 90' lang='lat' dir='ltr'>aurea</span> <span class='ocrx_word' id='word_1_264' title='bbox 538 2229 661 2277; x_wconf 85' lang='lat' dir='ltr'>gravis</span> <span class='ocrx_word' id='word_1_265' title='bbox 677 2235 850 2278; x_wconf 89' lang='lat' dir='ltr'>surrepta</span> <span class='ocrx_word' id='word_1_266' title='bbox 870 2236 980 2273; x_wconf 88' lang='lat' dir='ltr'>esset,</span> <span class='ocrx_word' id='word_1_267' title='bbox 994 2228 1033 2264; x_wconf 92' lang='lat' dir='ltr'>in</span> <span class='ocrx_word' id='word_1_268' title='bbox 1053 2227 1199 2264; x_wconf 89' lang='lat' dir='ltr'>somnis</span> <span class='ocrx_word' id='word_1_269' title='bbox 1219 2227 1309 2264; x_wconf 87' lang='lat' dir='ltr'>vidit</span> <span class='ocrx_word' id='word_1_270' title='bbox 1330 2229 1456 2277; x_wconf 85' lang='lat' dir='ltr'>ipsum</span> 
     </span>
     <span class='ocr_line' id='line_1_34' title="bbox 141 2292 1455 2346; baseline -0.005 -9"><span class='ocrx_word' id='word_1_271' title='bbox 141 2298 255 2337; x_wconf 90' lang='lat' dir='ltr'>deum</span> <span class='ocrx_word' id='word_1_272' title='bbox 275 2296 477 2346; x_wconf 76' lang='lat' dir='ltr'>dicentem,</span> <span class='ocrx_word' id='word_1_273' title='bbox 498 2296 562 2346; x_wconf 89' lang='lat' dir='ltr'>qui</span> <span class='ocrx_word' id='word_1_274' title='bbox 588 2295 628 2332; x_wconf 90' lang='lat' dir='ltr'>id</span> <span class='ocrx_word' id='word_1_275' title='bbox 651 2293 812 2332; x_wconf 87' lang='lat' dir='ltr'>fecisset.</span> <span class='ocrx_word' id='word_1_276' title='bbox 870 2292 989 2340; x_wconf 89' lang='lat' dir='ltr'>Quod</span> <span class='ocrx_word' id='word_1_277' title='bbox 1013 2292 1130 2331; x_wconf 89' lang='lat' dir='ltr'>semel</span> <span class='ocrx_word' id='word_1_278' title='bbox 1156 2292 1216 2329; x_wconf 92' lang='lat' dir='ltr'>ille</span> <span class='ocrx_word' id='word_1_279' title='bbox 1243 2293 1455 2342; x_wconf 88' lang='lat' dir='ltr'>iterumque</span> 
     </span>
    </p>
   </div>
  </div>
 </body>
</html>
