1668 2509
188 73 266 124 184
521 83 675 114 EXTRA
683 83 765 114 cTS
793 85 854 114 FR
861 84 930 115 OM
957 84 1091 115 clcER
1099 84 1137 115 ο.
1351 86 1429 117 sect.
1446 86 1501 117 1v.

235 185 273 219 2.
302 180 355 219 At
375 181 479 219 dedit
498 194 657 232 poenas.
714 183 912 221 Prohiberi
933 184 1068 221 melius
1088 183 1156 220 fuit
1169 183 1432 233 impedirique,
1448 196 1497 222 ne
1517 191 1555 230 25

179 254 236 285 tot
256 259 428 285 summos
447 249 547 286 viros
567 249 805 295 interficeret,
826 262 942 298 quam
969 251 1096 299 ipsum
1123 250 1328 298 aliquando
1349 262 1496 299 poenas

180 313 281 351 dare.
341 313 502 351 Summo
533 314 702 352 cruciatu
733 315 1000 364 supplicioque
1034 314 1083 361 Q.
1105 315 1255 361 Varius,
1275 315 1393 353 homo
1423 316 1494 353 im-

179 379 484 428 portunissimus,
532 380 664 428 periit;
713 381 754 426 si,
795 380 883 429 quia
927 380 1098 418 Drusum
1146 380 1258 426 ferro,
1297 380 1496 419 Metellum

178 456 327 481 veneno
349 444 574 481 sustulerat:
603 444 686 482 illos
707 444 921 481 conservari
941 445 1076 482 melius
1103 445 1181 490 fuit,
1203 457 1319 494 quam
1347 457 1495 493 poenas

178 508 328 545 sceleris
353 508 513 545 Varium
538 509 717 558 pendere.
774 508 1169 558 Duodequadraginta
1196 522 1320 547 annos
1346 509 1494 558 Diony-
1511 522 1554 552 30

178 574 254 610 sius
292 579 475 622 tyrannus
513 573 581 610 fuit
620 574 929 622 opulentissimae
969 581 1004 611 et
1042 575 1285 612 beatissimae
1324 575 1491 612 civitatis.

134 645 136 647 ’
177 638 306 684 Quam
333 638 473 675 multos
500 645 588 675 ante
612 638 714 676 hunc
745 639 783 675 in
803 639 890 688 ipso
915 638 1100 676 Graeciae
1130 639 1224 676 flore
1253 639 1492 677 Pisistratus!

176 703 226 740 At
248 703 428 749 Phalaris,
450 710 486 740 at
506 704 767 753 Apollodorus
793 716 941 752 poenas
966 704 1122 741 sustulit.
1179 703 1311 742 Multis
1337 705 1493 753 quidem

175 776 262 806 ante
283 769 457 806 cruciatis
478 775 514 806 et
534 769 688 806 necatis.
747 769 796 806 Et
825 769 1041 818 praedones
1067 769 1174 806 multi
1204 781 1318 818 saepe
1345 781 1492 818 poenas

175 833 288 870 dant:
337 845 408 870 nec
446 839 575 871 tamen
613 845 820 883 possumus
860 834 996 879 dicere,
1035 845 1115 870 non
1154 833 1282 882 plures
1321 833 1492 882 captivos
1510 848 1550 881 35

174 899 321 944 acerbe,
356 911 473 948 quam
510 899 725 947 praedones
764 905 932 936 necatos.
989 898 1261 936 Anaxarchum
1291 898 1492 936 Democri-

174 971 277 1001 teum
298 976 320 1001 a
340 963 484 1013 Cyprio
506 971 668 1013 tyranno
699 965 1012 1002 excarnificatum
1041 964 1270 1012 accepimus,
1293 963 1491 1001 Zenonem

173 1028 288 1066 Eleae
309 1029 347 1065 in
368 1030 566 1067 tormentis
586 1037 774 1067 necatum.
832 1029 937 1076 Quid
964 1029 1088 1066 dicam
1113 1029 1161 1067 de
1192 1029 1361 1076 Socrate,
1383 1029 1491 1067 cuius

173 1094 286 1131 morti
319 1094 531 1131 illacrimari
566 1095 671 1132 soleo
707 1095 906 1132 Platonem
936 1094 1097 1143 legens?
1152 1094 1325 1132 Videsne
1363 1095 1490 1144 igitur,

173 1159 334 1196 deorum
354 1159 507 1206 iudicio,
529 1160 560 1197 si
591 1160 720 1198 vident
749 1172 808 1198 res
829 1160 1028 1206 humanas,
1051 1160 1258 1198 discrimen
1286 1172 1372 1198 esse
1404 1161 1492 1198 sub·
1508 1173 1551 1204 40

172 1225 317 1262 latum?

225 1295 263 1329 3.
292 1289 491 1339 Diogenes
526 1291 681 1340 quidem
712 1289 880 1341 Cynicus
911 1291 1037 1328 dicere
1075 1290 1232 1335 solebat,
1263 1287 1492 1340 Harpalum,

172 1357 237 1405 qui
267 1356 504 1404 temporibus
535 1357 606 1394 illis
635 1357 779 1406 praedo
811 1357 851 1394 in
883 1355 1106 1405 Pamphylia
1144 1355 1232 1392 felix
1270 1355 1490 1400 habebatur,

172 1428 307 1459 contra
344 1423 438 1460 deos
467 1422 731 1460 testimonium
760 1422 897 1467 dicere,
928 1421 1033 1470 quod
1062 1421 1101 1458 in
1139 1420 1201 1470 illa
1231 1419 1383 1457 fortuna
1411 1426 1491 1457 tam

172 1487 236 1524 diu
273 1489 423 1526 viveret.
481 1487 703 1537 Dionysius,
743 1487 790 1524 de
829 1499 906 1536 quo
946 1493 1032 1523 ante
1073 1486 1161 1531 dixi,
1202 1497 1320 1535 quum
1359 1484 1492 1522 fanum
1509 1498 1548 1531 45

173 1552 424 1603 Proserpinae
454 1553 586 1590 Locris
611 1553 864 1602 expilavisset,
891 1552 1095 1601 navigabat
1123 1551 1354 1600 Syracusas:
1383 1551 1492 1599 isque

174 1630 293 1667 quum
319 1618 598 1656 secundissimo
621 1625 735 1655 vento
761 1630 915 1656 cursum
944 1623 1099 1662 teneret,
1120 1616 1259 1661 ridens,
1280 1615 1490 1661 Videtisne,

173 1684 305 1731 inquit,
345 1683 468 1728 amici,
508 1695 624 1731 quam
662 1684 766 1720 bona
804 1695 827 1720 a
865 1683 936 1720 diis
974 1681 1251 1718 immortalibus
1297 1681 1490 1729 navigatio

174 1749 366 1797 sacrilegis
399 1749 530 1785 detur?
588 1747 710 1797 quue
730 1748 849 1785 homo
871 1753 1004 1785 acutus
1025 1758 1144 1795 quum
1172 1747 1271 1783 bene
1300 1744 1491 1795 planeque

174 1814 418 1862 percepisset,
450 1814 489 1850 in
522 1813 659 1850 eadem
697 1813 882 1851 sententia
919 1811 1207 1861 perseverabat:
1256 1811 1333 1859 qui,
1373 1822 1492 1859 quum
1511 1821 1552 1853 50

175 1877 223 1915 ad
258 1878 572 1927 Peloponnesum
605 1879 768 1915 classem
802 1877 1022 1926 appulisset,
1045 1882 1081 1913 et
1115 1874 1308 1912 insanum
1328 1875 1494 1913 venisset

175 1943 279 1981 Iovis
313 1944 493 1993 Olympii,
523 1956 681 1981 aureum
714 1945 748 1981 ei
779 1943 940 1981 detraxit
972 1941 1188 1987 amiculum,
1223 1941 1360 1990 grandi
1393 1953 1492 1991 pon-

176 2008 276 2054 dere,
315 2020 393 2056 quo
431 2009 565 2046 Iovem
604 2015 756 2046 ornarat
794 2020 842 2045 ex
879 2007 1070 2044 manubiis
1109 2006 1492 2055 Karthaginiensium

176 2080 358 2122 tyrannus
393 2073 526 2110 Hiero.
582 2066 710 2122 Atque
743 2074 783 2110 in
813 2085 861 2110 eo
894 2073 1008 2110 etiam
1042 2071 1233 2108 cavillatus
1260 2077 1326 2117 est,
1348 2076 1492 2108 aestate

177 2152 289 2189 grave
310 2152 394 2177 esse
415 2152 572 2177 aureum
592 2141 809 2185 amiculum,
829 2139 954 2176 hieme
983 2138 1176 2186 frigidum,
1199 2137 1310 2186 eique
1338 2137 1491 2174 laneum
1510 2148 1549 2180 55

178 2205 333 2253 pallium
356 2205 494 2250 iniecit,
516 2217 634 2254 quum
653 2204 693 2241 id
721 2216 804 2241 esse
834 2210 966 2253 aptum
995 2203 1044 2240 ad
1076 2215 1192 2240 omne
1223 2203 1312 2239 anni
1341 2207 1491 2251 tempus

178 2269 330 2307 diceret.
387 2269 574 2317 Idemque
594 2269 813 2318 Aesculapii
832 2269 1016 2317 Epidauri
1035 2268 1195 2305 barbam
1216 2266 1371 2305 auream
1390 2267 1492 2305 demi

178 2333 296 2371 iussit.
352 2333 491 2383 Neque
525 2334 629 2371 enim
658 2333 860 2371 convenire
879 2333 1082 2371 barbatum
1111 2345 1194 2371 esse
1224 2333 1352 2378 filium,
1374 2343 1493 2382 quum
