1668 2509
137 68 218 107 166
479 79 724 110 EXTRACTS
753 79 888 110 FROM
916 80 1099 111 CICERO.
1302 81 1379 112 Sect.
1402 80 1458 111 1v.

135 187 231 219 rum,
253 177 391 225 partim
413 177 461 215 ad
483 190 576 216 saxa
595 179 733 215 nativis
753 179 859 215 testis
880 164 1181 215 inhaerentium!
1235 178 1371 227 Ipsum
1391 189 1458 215 au·
1508 180 1511 182 ’

135 246 213 276 tem
245 252 348 277 mare
376 241 430 278 sic
460 248 597 279 terram
633 249 821 292 appetens
849 242 1036 280 littoribus
1071 242 1212 287 alludit,
1232 249 1273 280 ut
1301 255 1380 280 una
1410 255 1456 279 ex

136 303 287 341 duabus
308 306 451 342 naturis
472 307 640 344 conflata
659 307 841 344 videatur.
897 306 1049 343 Exinde
1075 306 1170 344 mari
1191 307 1372 344 finitimus
1392 319 1458 345 aer

136 369 198 406 die
219 379 255 407 et
276 376 392 407 nocte
419 371 674 420 distinguitur,
695 372 803 421 isque
824 378 905 408 tum
926 371 1032 409 fusus
1053 378 1089 409 et
1109 377 1336 409 extenuatus
1367 373 1452 409 sub·
1473 380 1513 412 25

132 432 220 470 lime
241 433 369 475 fertur,
391 441 472 471 tum
493 443 620 472 autem
641 443 845 473 concretus
865 437 903 472 in
922 436 1045 474 nubes
1065 437 1215 484 cogitur
1234 436 1455 473 humorem-

133 510 208 547 que
230 498 415 546 colligens
437 506 575 536 terram
590 507 705 549 auget
724 501 922 545 imbribus,
944 506 1025 537 tum
1046 501 1204 538 effluens
1218 500 1292 538 huc
1313 507 1349 538 et
1369 501 1455 538 illuc

132 568 266 600 ventos
287 564 409 600 efficit.
469 564 578 601 Idem
600 577 747 602 annuas
768 565 954 614 frigorum
975 573 1012 603 et
1032 566 1203 603 calorum
1228 565 1317 604 facit
1337 566 1455 603 varie-

113 635 239 673 tates,
261 628 440 678 idemque
461 636 498 667 et
518 630 666 667 volatus
686 630 819 667 alitum
840 631 1000 667 sustinet
1020 638 1056 668 et
1076 631 1209 679 spiritu
1233 630 1370 668 ductus
1391 630 1455 668 alit

131 699 168 730 et
187 700 374 731 sustentat
393 695 617 732 animantes.
1470 715 1514 746 30

187 762 224 796 3.
256 758 390 796 Restat
409 760 564 797 ultimus
591 769 628 798 et
648 773 671 797 a
696 761 897 799 domiciliis
924 762 1062 799 nostris
1092 761 1297 799 altissimus
1323 762 1455 799 omnia

131 824 290 872 cingens
310 831 347 861 et
367 826 550 862 co'ercens
571 825 665 862 caeli
686 826 924 875 complexus,
939 826 1003 875 qui
1021 827 1122 863 idem
1140 826 1269 864 aether
1285 834 1453 871 vocatur,

131 896 300 926 extrema
320 901 389 926 ora
421 896 457 926 et
479 890 744 928 determinatio
778 891 934 938 mundi;
964 891 1002 927 in
1037 904 1116 941 quo
1143 904 1230 929 cum
1251 891 1454 929 admirabi-

130 955 231 991 litate
251 955 419 991 maxima
439 955 575 1003 igneae
601 955 747 992 formae
774 968 908 993 cursus
938 956 1137 994 ordinatos
1164 956 1361 993 definiunt.
1417 956 1452 993 E

131 1020 267 1069 quibus
287 1019 354 1063 sol,
377 1021 485 1057 cuius
506 1021 771 1069 magnitudine
791 1021 919 1058 multis
937 1021 1109 1069 partibus
1126 1028 1224 1058 terra
1239 1028 1452 1070 superatur,
1471 1037 1511 1070 35

131 1085 273 1122 circum
303 1097 387 1121 eam
418 1085 542 1133 ipsam
570 1085 743 1131 volvitur,
773 1085 884 1134 isque
913 1085 1042 1123 oriens
1071 1092 1109 1122 et
1137 1086 1320 1123 occidens
1349 1085 1453 1122 diem

131 1156 362 1198 noctemque
383 1149 548 1195 conficit,
569 1157 606 1186 et
625 1150 744 1187 modo
771 1151 972 1196 accedens,
994 1158 1076 1188 tum
1107 1158 1234 1188 autem
1259 1150 1453 1195 recedens,

132 1215 241 1252 binas
276 1215 315 1251 in
350 1215 508 1263 singulis
540 1215 652 1252 annis
684 1216 923 1253 reversiones
962 1216 1012 1253 ab
1041 1223 1214 1253 extremo
1244 1216 1454 1253 contrarias

134 1280 231 1325 facit,
253 1292 416 1329 quarum
436 1281 632 1317 intervallo
653 1287 735 1318 tum
762 1281 873 1330 quasi
897 1281 1042 1318 tristitia
1068 1281 1236 1330 quadam
1263 1280 1454 1318 contrahit

132 1354 280 1389 terram,
302 1354 383 1383 tum
404 1346 570 1383 vicissim
589 1346 777 1392 laetificat,
798 1353 839 1383 ut
859 1358 947 1383 cum
968 1346 1075 1383 caelo
1095 1346 1252 1383 hilarata
1271 1347 1452 1384 videatur.
1471 1365 1514 1397 40

134 1411 244 1448 Luna
282 1417 422 1455 autem,
455 1423 554 1459 quae
593 1419 660 1454 est,
694 1420 735 1448 ut
774 1412 984 1449 ostendunt
1021 1411 1291 1464 mathematici,
1330 1412 1454 1449 maior

133 1488 249 1525 quam
271 1475 428 1513 dimidia
447 1488 536 1525 pars
556 1482 689 1521 terrae,
709 1476 844 1513 iisdem
867 1476 998 1525 spatiis
1021 1483 1192 1525 vagatur,
1212 1477 1352 1525 quibus
1371 1477 1453 1514 sol:

134 1541 201 1578 sed
222 1548 304 1578 tum
325 1541 582 1589 congrediens
603 1553 691 1578 cum
712 1541 804 1586 sole,
819 1547 900 1578 tum
921 1541 1151 1589 digrediens,
1166 1548 1202 1578 et
1222 1553 1308 1579 eam
1328 1541 1453 1580 lucem

133 1618 249 1655 quam
271 1618 292 1642 a
312 1605 392 1642 sole
413 1606 559 1655 accepit
578 1607 691 1643 mittit
712 1607 749 1643 in
769 1613 896 1651 terras,
918 1613 955 1643 et
975 1606 1095 1644 varias
1115 1607 1199 1655 ipsa
1221 1607 1454 1644 mutationes

133 1672 226 1709 lucis
258 1671 397 1717 habet;
427 1677 543 1720 atque
578 1672 694 1708 etiam
723 1678 803 1708 tum
833 1671 1004 1708 subiecta
1031 1678 1145 1720 atque
1175 1672 1354 1720 opposita
1383 1671 1455 1709 soli
1470 1688 1511 1720 45

134 1737 262 1774 radios
284 1737 365 1774 eius
386 1744 422 1773 et
443 1736 574 1774 lumen
596 1738 787 1782 obscurat,
807 1743 889 1774 tum
908 1737 993 1786 ipsa
1011 1737 1184 1774 incidens
1211 1737 1252 1774 in
1276 1738 1454 1775 umbram

135 1808 267 1846 terrae,
297 1814 418 1851 quum
452 1809 509 1839 est
545 1815 566 1840 e
598 1802 756 1851 regione
791 1802 893 1847 solis,
924 1802 1150 1851 interpositu
1181 1802 1454 1852 interiectuque

137 1873 258 1903 terrae
290 1874 449 1915 repente
481 1866 619 1904 deficit.
675 1866 896 1916 Iisdemque
928 1867 1060 1916 spatiis
1093 1878 1160 1904 eae
1191 1867 1332 1912 stellae,
1360 1879 1455 1916 quas

138 1943 254 1981 vagas
276 1932 450 1977 dicimus,
473 1932 617 1969 circum
636 1939 777 1969 terram
805 1931 977 1968 feruntur
1005 1931 1221 1981 eodemque
1241 1933 1360 1970 modo
1381 1933 1454 1969 ori-

137 2003 259 2034 untur
271 2004 309 2034 et
332 1997 525 2043 occidunt,
546 2009 708 2046 quarum
728 2003 856 2034 motus
886 2003 968 2033 tum
998 1996 1212 2043 incitantur,
1231 2004 1313 2035 tum
1340 2004 1455 2035 retar-
1473 2017 1515 2047 50

140 2061 288 2106 dantur,
310 2072 425 2110 saepe
457 2062 573 2098 etiam
605 2062 795 2099 insistunt.
852 2060 944 2107 Quo
968 2062 1187 2110 spectaculo
1217 2061 1309 2099 nihil
1327 2067 1456 2111 potest

139 2126 397 2163 admirabilius
429 2138 525 2172 esse,
545 2127 638 2163 nihil
670 2126 877 2175 pulchrius.
935 2126 1112 2175 Sequitur
1140 2127 1331 2164 stellarum
1358 2128 1457 2165 iner-

138 2191 302 2228 rantium
330 2192 500 2228 maxima
528 2192 745 2236 multitudo,
769 2203 931 2240 quarum
962 2191 1014 2228 ita
1045 2191 1236 2241 descripta
1264 2191 1456 2229 distinctio

139 2262 206 2300 est,
227 2261 270 2292 ut
289 2268 336 2292 ex
357 2263 534 2292 notarum
555 2256 764 2304 figurarum
784 2256 1028 2293 similitudine
1057 2257 1217 2294 nomina
1235 2256 1455 2294 invenerint.

141 2318 251 2356 Haec
267 2320 391 2357 omnis
412 2320 619 2368 descriptio
641 2321 808 2358 siderum
828 2327 940 2369 atque
962 2320 1022 2358 hic
1043 2327 1168 2358 tantus
1188 2321 1282 2359 caeli
1301 2327 1458 2358 ornatus
1478 2337 1516 2368 55
