1547 2520
513 509 911 559 SECTION
977 511 1073 559 III.

191 717 459 761 STORIES
512 719 899 763 CONNECTED
949 721 1123 763 WITH
1176 719 1394 764 OMENS

565 809 704 850 AND
736 811 1020 853 DREAMS.

661 975 856 1014 CHAP.
896 976 927 1015 1.

188 1095 222 1130 1.
250 1091 525 1130 Pmszmffl
557 1102 672 1140 saepe
705 1091 782 1128 divi
820 1103 930 1128 suam
968 1091 1172 1138 declarant,
1201 1098 1243 1130 ut
1276 1098 1314 1130 et
1350 1092 1454 1141 apud

134 1155 328 1206 Regillum
346 1156 448 1193 bello
468 1155 706 1201 Latinorum,
727 1168 847 1205 quum
865 1156 913 1193 A.
934 1156 1153 1194 Postumius
1184 1156 1346 1194 dictator
1365 1168 1454 1194 cum

133 1220 297 1259 Octavio
318 1220 492 1258 Mamilio
513 1220 735 1258 Tusculano
756 1220 899 1269 praelio
921 1221 1130 1267 dimicaret,
1150 1221 1190 1258 in
1216 1228 1347 1258 nostra
1372 1221 1454 1259 acie

131 1286 271 1325 Castor
299 1293 336 1324 et
364 1285 500 1323 Pollux
528 1297 576 1322 ex
605 1286 713 1334 equis
742 1298 915 1334 pugnare
948 1286 1017 1324 visi
1045 1292 1144 1332 sunt,
1174 1293 1211 1324 et
1242 1286 1453 1324 recentiore

93 1362 112 1394 5
129 1351 316 1389 memoria
334 1350 451 1388 iidem
471 1350 716 1399 Tyndaridae
736 1350 879 1388 Persen
902 1351 1042 1388 victum
1070 1352 1349 1388 nuntiaverunt.
1407 1351 1452 1388 P.

129 1417 234 1454 enim
259 1415 446 1461 Vatinius,
467 1427 558 1453 avus
587 1415 698 1453 huius
731 1415 997 1461 adolescentis,
1019 1428 1138 1466 quum
1168 1428 1189 1453 e
1217 1415 1455 1465 praefectura

131 1480 295 1519 Reatina
315 1480 483 1517 Romam
502 1481 668 1517 venienti
687 1488 805 1517 noctu
831 1481 909 1518 duo
938 1481 1093 1518 iuvenes
1113 1493 1201 1518 cum
1231 1481 1338 1530 equis
1359 1481 1453 1518 albis

132 1546 317 1584 dixissent
346 1557 479 1593 regem
511 1544 653 1582 Persen
681 1545 744 1583 illo
774 1545 835 1582 die
865 1552 1031 1594 captum,
1052 1546 1276 1595 senatuique
1304 1547 1453 1583 nuntia-

131 1612 258 1657 visset,
277 1611 414 1660 primo,
436 1611 545 1661 quasi
564 1617 705 1648 temere
724 1611 772 1648 de
798 1611 992 1660 republica
1014 1611 1176 1656 locutus,
1196 1612 1236 1648 in
1262 1624 1453 1650 carcerem

75 1693 114 1715 10
132 1676 328 1714 coniectus
354 1682 411 1713 est
424 1688 434 1722 3
465 1682 564 1725 post,
584 1687 607 1712 a
633 1675 766 1713 Paullo
791 1676 921 1714 litteris
944 1676 1074 1722 allatis,
1095 1688 1214 1725 quum
1243 1676 1346 1713 idem
1371 1677 1452 1714 dies

130 1741 371 1787 constitisset,
392 1747 430 1778 et
449 1753 542 1789 agro
562 1753 585 1777 a
604 1748 738 1778 senatu
758 1748 795 1778 et
814 1741 1011 1778 vacatione
1032 1741 1197 1778 donatus
1218 1748 1285 1778 est.
1323 1742 1451 1790 Atque

128 1805 243 1842 etiarn
277 1818 396 1855 quum
424 1806 474 1843 ad
502 1805 658 1843 fluvium
689 1805 849 1855 Sagram
873 1805 1115 1843 Crotoniatas
1140 1805 1257 1844 Locri
1281 1808 1450 1844 maximo

129 1870 273 1919 praelio
304 1871 542 1917 devicissent,
564 1883 611 1908 eo
645 1871 732 1921 ipso
763 1871 823 1908 die
853 1871 1023 1908 auditam
1050 1883 1135 1908 esse
1163 1883 1250 1908 eam
1279 1883 1451 1920 pugnarn

129 1934 228 1972 ludis
255 1935 456 1985 Olympiae
483 1936 693 1974 memoriae
726 1936 921 1985 proditum
950 1942 1017 1973 est.
1075 1934 1199 1984 Saepe
1230 1935 1451 1973 Faunorum

75 2014 111 2046 15
130 2012 245 2038 voces
273 2000 484 2046 exauditae,
513 2012 629 2050 saepe
658 2001 759 2039 visae
788 2000 935 2037 formae
969 1999 1130 2037 deorum
1164 2001 1336 2049 quemvis
1369 2013 1450 2038 non

129 2071 195 2103 aut
238 2065 417 2103 hebetem
455 2064 534 2102 aut‘
556 2065 717 2115 impium
754 2065 849 2102 deos
893 2070 1113 2113 praesentes
1153 2076 1237 2102 esse
1277 2064 1450 2102 confiteri

128 2135 350 2179 coegerunt.

183 2199 221 2232 2.
250 2194 531 2232 Praedictiones
563 2206 652 2233 vero
686 2200 724 2233 et
755 2194 1048 2244 praesensiones
1080 2206 1206 2232 rerum
1237 2194 1447 2232 suturarum

129 2259 223 2310 quid
250 2259 351 2297 aliud
389 2258 590 2305 declarant,
620 2260 693 2297 nisi
729 2259 949 2297 hominibus
986 2271 1033 2297 ea
1071 2271 1168 2308 quae
1201 2258 1327 2296 futura
1359 2268 1448 2297 sunt

73 2340 114 2362 ιο
129 2323 291 2372 ostendi,
312 2323 537 2373 monstrari,
560 2324 748 2374 portendi,
778 2324 972 2374 praedici?
1000 2336 1049 2362 ex
1079 2335 1158 2374 quo
1190 2323 1254 2361 illa
1281 2329 1449 2369 ostenta,

761 2400 773 2427 ι
794 2400 814 2424 2
