1668 2509
149 100 227 131 Sect.
251 98 305 129 IV.
539 94 626 125 BEA
637 93 773 125 UTIES
804 93 862 124 oF
891 93 953 124 NA
965 93 1100 124 TURE.
1396 99 1410 126 1
1419 87 1471 138 67

150 209 198 234 ex
219 195 446 245 corporibus
467 193 542 231 huc
563 200 600 231 et
620 193 707 231 illuc
727 205 819 231 casu
839 199 876 230 et
895 200 1039 230 temere
1069 193 1341 231 cursitantibus
1361 201 1456 243 potu

151 261 226 299 isse
246 260 343 298 effici
363 260 544 309 cuiquam
578 271 672 296 sano
707 258 823 296 videri
854 259 1006 308 potest?
1062 257 1126 294 An
1153 270 1242 295 vero
1273 259 1346 295 alia
1377 272 1474 308 quae

153 334 298 372 natura,
318 325 457 363 mentis
489 331 526 362 et
556 324 712 362 rationis
742 336 889 373 expers,
911 323 1006 361 haec
1035 323 1182 360 efficere
1212 324 1347 373 potuit,
1376 335 1474 373 quae

154 403 234 429 non
253 390 372 428 modo
393 396 435 428 ut
454 389 588 427 fierent
607 390 755 426 ratione
775 395 974 438 eguerunt,
991 389 1057 426 sed
1079 389 1236 438 intelligi
1257 389 1383 439 qualia
1403 389 1475 426 sint

96 462 137 491 (20
155 457 237 495 sine
257 467 409 494 summa
428 455 574 492 ratione
595 466 675 492 non
694 455 883 503 possunt?

208 526 248 559 4.
277 522 375 570 Age,
395 528 437 558 ut
457 533 479 558 a
498 520 724 557 caelestibus
744 520 858 557 rebus
878 519 928 556 ad
945 525 1138 557 terrestres
1158 520 1367 565 veniamus,
1384 518 1476 568 quid

154 588 271 625 estin
290 587 360 632 his,
382 587 421 622 in
450 597 528 635 quo
557 597 638 622 non
671 591 830 622 naturae
863 584 959 621 ratio
989 584 1235 633 intelligentis
1266 583 1476 633 appareat?

153 652 346 701 Principio
367 663 512 697 eorum,
535 663 632 701 quae
652 651 863 699 gignuntur
893 662 913 687 e
941 656 1052 695 terra,
1073 650 1209 699 stirpes
1230 657 1267 687 et
1296 649 1475 686 stabilita-

154 726 233 756 tem
253 718 344 755 dant
364 717 409 754 iis
430 729 527 766 quae
549 716 748 760 sustinent,
770 722 807 752 et
827 727 874 752 ex
901 721 1000 752 terra
1027 726 1187 752 succum
1211 715 1375 760 trahunt,
1397 726 1474 763 quo

96 793 132 832 65
153 783 301 821 alantur
330 794 376 819 ea
405 794 503 831 quae
532 781 725 818 radicibus
755 780 1012 826 continentur,
1033 780 1356 829 obducunturque
1380 780 1475 816 libro

154 857 219 888 aut
238 849 378 887 cortice
398 847 532 893 trunci,
555 858 632 897 quo
653 846 728 884 sint
748 859 770 883 a
789 845 995 894 frigoribus
1023 852 1061 882 et
1090 846 1279 884 caloribus
1306 846 1475 883 tutiores.

155 915 240 953 Iam
268 925 358 951 vero
386 914 480 950 vites
509 913 562 950 sic
592 912 783 949 claviculis
813 911 1044 948 adminicula
1073 918 1270 961 tamquam
1298 911 1476 949 manibus

155 978 460 1029 apprehendunt,
483 983 596 1026 atque
617 977 668 1014 ita
689 989 728 1014 se
749 976 900 1025 erigunt
919 982 960 1012 ut
981 976 1206 1014 animantes.
1237 976 1343 1023 Quin
1361 976 1476 1013 etiam

155 1058 178 1083 a
198 1044 380 1087 caulibus,
403 1043 433 1080 si
454 1049 612 1092 propter
640 1041 710 1079 sati
737 1042 823 1087 sint,
844 1048 886 1078 ut
914 1053 937 1078 a
963 1041 1152 1090 pestiferis
1182 1048 1220 1079 et
1246 1041 1476 1079 nocentibus

100 1125 138 1155 70
156 1109 328 1158 refugere
349 1109 528 1145 dicuntur
562 1120 635 1144 nec
667 1119 734 1144 eos
763 1106 840 1143 ulla
871 1118 918 1143 ex
951 1113 1058 1155 parte
1091 1107 1325 1156 contingere.
1381 1106 1476 1143 Ani-

157 1175 344 1212 mantium
364 1185 454 1210 vero
475 1180 618 1222 quanta
642 1172 803 1209 varietas
833 1173 912 1209 est!
943 1178 1087 1220 quanta
1115 1172 1165 1209 ad
1191 1184 1278 1209 eam
1302 1184 1383 1209 rem
1409 1171 1475 1216 vis,

158 1247 199 1277 ut
219 1239 257 1276 in
277 1250 348 1276 suo
369 1251 545 1288 quaeque
565 1250 688 1287 gener
714 1238 987 1286 permaneant!
1036 1236 1212 1282 Quarum
1244 1236 1338 1274 aliae
1359 1236 1470 1273 coriis

156 1311 277 1342 tectae
307 1310 406 1349 sunt,
428 1303 523 1340 aliae
550 1303 645 1340 villis
671 1303 842 1348 vestitae,
862 1302 956 1339 aliae
984 1302 1104 1351 spinis
1129 1302 1317 1347 hirsutae余
1346 1301 1478 1351 pluma

157 1369 259 1414 alias,
281 1369 372 1407 alias
403 1379 565 1418 squama
595 1368 768 1405 videmus
801 1367 1016 1413 obductus余
1056 1367 1148 1404 alias
1182 1379 1266 1405 esse
1295 1367 1477 1405 cornibus

104 1451 139 1483 75
158 1440 334 1479 armatas,
355 1433 448 1471 alias
467 1433 608 1471 habere
629 1433 771 1482 effugia
785 1445 1012 1482 pennarum.
1071 1433 1228 1470 Pastum
1249 1438 1378 1470 autem
1397 1432 1477 1468 ani-

159 1499 349 1536 mantibus
368 1499 472 1547 large
493 1506 529 1536 et
549 1499 708 1548 copiose
728 1504 864 1535 natura
882 1510 982 1543 eum,
1004 1498 1068 1547 qui
1089 1498 1225 1546 cuique
1252 1504 1362 1546 aptus
1385 1501 1476 1541 erat,

159 1564 400 1613 comparavit.
468 1563 707 1601 Enumerare
744 1575 917 1612 possum,
951 1563 1001 1600 ad
1033 1575 1122 1599 eum
1155 1568 1309 1611 pastum
1347 1573 1478 1610 capes-

159 1630 323 1668 sendum
357 1629 717 1678 conficiendumque
749 1641 848 1678 quae
883 1629 930 1666 sit
955 1629 994 1665 in
1014 1628 1144 1676 figuris
1170 1628 1421 1664 animantium
1442 1635 1479 1665 et

160 1707 276 1744 quam
306 1695 439 1732 sollers
464 1694 688 1744 subtilisque
713 1694 918 1742 descriptio
944 1694 1119 1742 partium,
1141 1704 1334 1741 quamque
1357 1692 1477 1729 admi-

104 1771 143 1800 80
161 1760 285 1797 rabilis
305 1760 449 1797 fabrica
468 1761 743 1797 membrorum.
783 1759 927 1798 Omnia
946 1759 1060 1804 enim,
1082 1770 1181 1808 quae
1202 1758 1358 1806 quidem
1379 1758 1479 1795 intus

161 1824 306 1862 inclusa
339 1831 438 1871 sunt,
460 1825 511 1862 ita
544 1832 635 1862 nata
665 1831 778 1873 atque
810 1825 862 1861 ita
889 1824 1015 1861 locata
1045 1831 1143 1868 sunt,
1166 1829 1207 1860 ut
1235 1822 1326 1859 nihil
1346 1835 1478 1860 eorum

163 1900 486 1937 supervacaneum
507 1890 565 1935 sit,
586 1889 677 1926 nihil
707 1889 757 1927 ad
775 1890 903 1926 vitam'
922 1889 1162 1926 retinendam
1194 1900 1275 1925 non
1304 1900 1480 1925 necessa-

163 1953 272 1990 rium.
329 1953 445 1991 Dedit
465 1960 592 1991 autem
611 1954 748 1991 eadem
768 1961 903 1991 natura
921 1953 1056 1990 belluis
1076 1959 1113 1990 et
1133 1964 1289 1990 sensum
1309 1959 1345 1989 et
1362 1965 1480 2001 appe-

164 2019 284 2064 titum,
303 2024 346 2055 ut
365 2019 482 2056 altero
503 2027 683 2056 conatum
702 2019 889 2056 haberent
909 2019 958 2056 ad
977 2017 1168 2055 naturales
1194 2025 1328 2066 pastus
1349 2029 1480 2066 capes-

106 2093 145 2131 85
164 2083 318 2124 sendos,
339 2083 456 2120 altero
475 2091 718 2134 secernerent
736 2083 916 2133 pestifera
943 2096 965 2120 a
988 2083 1224 2120 salutaribus.
1282 2082 1366 2119 Iam
1393 2094 1482 2119 vero

165 2148 237 2185 alia
257 2148 432 2185 animalia
457 2149 679 2196 gradiendo,
708 2149 781 2187 alia
810 2148 1000 2198 serpendo
1031 2148 1079 2185 ad
1101 2154 1254 2196 pastum
1284 2147 1482 2192 accedunt,

165 2213 238 2251 alia
256 2213 434 2255 volando,
457 2213 528 2250 alia
547 2214 695 2260 nando余
728 2215 935 2264 cibumque
955 2214 1093 2263 partim
1111 2213 1188 2251 oris
1209 2213 1313 2249 hiatu
1333 2220 1369 2249 et
1391 2212 1483 2248 den-

167 2279 266 2316 tibus
296 2279 388 2328 ipsis
423 2286 640 2328 capessunt,
669 2280 807 2328 partim
836 2280 1024 2328 unguium
1053 2279 1256 2316 tenacitate
1290 2276 1482 2325 arripiunt,

167 2344 303 2393 partim
328 2344 544 2381 aduncitate
574 2350 786 2382 rostrorum
801 2357 812 2391 余
842 2345 915 2382 alia
942 2350 1094 2392 sugunt,
1116 2343 1188 2380 alia
1218 2348 1391 2390 carpunt,
1412 2341 1485 2378 alia
