1668 2509
155 96 172 123 1
185 95 200 122 I
207 93 235 123 0
507 91 665 123 EXTRA
673 91 755 124 CTS
785 92 845 123 FR
852 91 922 123 OM
947 92 995 123 CI
996 91 1081 123 CER
1088 91 1126 122 Ο.
1313 91 1390 122 Sect.
1413 89 1469 121 111.

151 192 438 239 constituerunt,
470 193 535 242 qui
562 194 676 231 urbes
706 192 986 231 condiderunt?
1025 204 1086 237 an,
1118 190 1210 228 dum
1238 190 1382 228 bestiae
1411 189 1470 227 lo-

149 265 326 307 quantur,
363 266 642 308 exspectamus,
682 257 886 295 hominum
934 257 1198 295 consentiente
1245 255 1468 298 auctoritate

149 324 320 361 contenti
347 336 428 362 non
456 325 617 362 sumus?

204 388 289 426 Nec
313 401 403 427 vero
430 389 642 439 quidquam
662 388 764 426 aliud
783 387 949 434 affertur,
969 400 1037 426 cur
1055 399 1100 425 ea
1128 399 1227 436 quae
1257 386 1344 424 dico
1373 386 1467 425 divi-

147 453 265 491 nandi
298 466 440 503 genera
468 454 573 491 nulla
603 454 689 499 sint,
724 454 796 491 nisi
834 453 942 502 quod
980 452 1129 489 difficile
1168 452 1272 490 dictu
1308 452 1465 499 videtur,
1489 468 1526 489 ιο

147 531 246 569 quae
267 519 450 568 cuiusque
471 519 712 557 divinationis
733 519 840 564 ratio,
862 530 959 568 quae
980 529 1096 555 causa
1122 518 1180 556 sit.
1238 517 1343 564 Quid
1363 520 1467 556 enim

132 585 262 629 ,habet
291 584 494 634 haruspex,
515 597 582 623 cur
614 585 747 634 pulmo
781 584 924 622 incisus
953 584 1068 621 etiam
1088 584 1127 620 in
1146 583 1260 621 bonis
1290 584 1386 622 extis
1413 584 1468 622 di-

146 651 256 687 rimat
285 655 438 700 tempus
470 657 508 687 et
538 650 707 699 proferat
733 650 862 687 diem?
900 649 993 699 quid
1024 660 1157 697 augur,
1179 660 1246 686 cur
1279 661 1302 686 a
1333 649 1467 687 dextra

146 727 295 760 corvus,
316 727 339 752 a
359 715 508 752 sinistra
534 715 669 753 cornix
702 714 815 752 saciat
847 714 1001 752 ratum?
1030 713 1122 763 quid
1151 713 1378 762 astrologus,
1400 726 1467 752 cur

145 780 253 819 stella
282 779 384 818 Iovis
404 787 468 818 aut
487 780 652 818 Veneris
673 781 879 818 coniuncta
907 792 996 818 cum
1022 779 1134 816 Luna
1159 778 1209 816 ad
1234 786 1340 817 ortus
1370 792 1464 828 pue·
1489 791 1522 821 ¹5

143 857 275 884 rorum
305 845 478 884 salutaris
510 846 569 892 sit,
600 846 752 883 Saturni
784 845 966 882 Martisve
994 843 1211 882 contraria?
1241 856 1309 882 cur
1337 852 1465 882 autem

143 912 239 950 deus
273 911 506 949 dormientes
540 923 613 949 nos
651 918 819 956 moneat,
849 911 1048 960 vigilantes
1086 909 1284 960 negligat?
1358 910 1464 958 Quid

144 976 283 1015 deinde
314 989 452 1014 causae
482 982 550 1023 est,
580 989 647 1014 cur
684 975 904 1014 Cassandra
933 976 1062 1014 furens
1091 975 1215 1013 futura
1243 977 1461 1026 prospiciat,

143 1042 317 1079 Priamus
337 1041 489 1090 sapiens
509 1041 584 1079 hoc
604 1041 707 1079 idem
728 1041 852 1079 facere
873 1054 953 1080 non
974 1044 1114 1091 queat?
1171 1042 1250 1080 Cur
1269 1043 1332 1080 fiat
1352 1043 1461 1092 quid-

143 1119 228 1156 que,
251 1107 429 1156 quaeris?
464 1106 585 1144 Recte
605 1108 776 1144 omnino.
817 1107 893 1144 Sed
913 1119 992 1144 non
1012 1120 1116 1146 nunc
1135 1108 1173 1145 id
1193 1108 1325 1158 agitur.
1364 1108 1460 1155 Fiat,
1483 1119 1522 1140 ²0

143 1184 266 1210 necne
287 1172 362 1219 fiat,
378 1171 418 1209 id
437 1173 640 1221 quaeritur.
670 1171 724 1209 Ut
744 1173 773 1210 si
794 1180 1014 1221 magnetem
1034 1173 1202 1223 lapidem
1222 1186 1306 1211 esse
1322 1174 1459 1221 dicam,

141 1239 207 1288 qui
237 1238 377 1276 sermm
411 1237 460 1275 ad
495 1250 535 1275 se
567 1238 702 1275 alliciat
731 1245 768 1276 et
797 1238 969 1284 attrahat,
999 1240 1199 1285 rationem,
1224 1251 1290 1276 cur
1318 1240 1356 1277 id
1385 1240 1460 1287 fiat,

141 1304 276 1341 afferre
305 1315 506 1353 nequeam,
528 1303 608 1341 fieri
628 1305 790 1341 omnino
819 1305 964 1353 neges?
1021 1303 1141 1350 Quod
1169 1304 1271 1342 idem
1301 1304 1393 1343 facis
1421 1305 1461 1343 in

140 1369 371 1407 divinatione
383 1381 394 1416 ;
424 1381 541 1418 quam
564 1376 601 1406 et
622 1370 812 1407 cernimus
833 1369 916 1418 ipsi,
933 1375 970 1406 et
991 1369 1178 1415 audimus,
1195 1376 1232 1406 et
1246 1369 1410 1419 legimus
1423 1377 1461 1408 et

138 1447 164 1472 a
182 1435 352 1484 patribus
373 1434 618 1484 accepimus;
648 1446 774 1483 neque
799 1442 886 1471 ante
911 1433 1459 1484 philosophiam'patefactam‚
1479 1453 1517 1485 25

140 1512 239 1550 quae
258 1512 380 1549 nuper
399 1500 553 1537 inventa
573 1506 641 1546 est,
662 1499 733 1537 hac
761 1499 809 1536 de
838 1512 878 1537 re
906 1500 1124 1537 communis
1148 1500 1223 1537 vita
1251 1500 1458 1547 dubitavit3

142 1572 179 1604 et
204 1572 339 1615 postea
369 1577 483 1615 quam
513 1565 756 1615 philosophia
784 1565 982 1614 processit,
1008 1576 1124 1602 nemo
1153 1565 1259 1602 aliter
1287 1565 1458 1614 philoso-

140 1631 240 1681 phus
261 1631 389 1675 sensit,
403 1631 443 1667 in
463 1642 542 1679 quo
562 1631 682 1668 modo
699 1638 800 1668 esset
812 1631 1027 1668 auctoritas.
1057 1630 1149 1667 Dixi
1165 1630 1212 1668 de
1226 1630 1456 1680 Pythagora,

140 1695 188 1733 de
207 1695 442 1741 Democrito,
465 1695 513 1733 de
535 1694 714 1733 Socrate:
742 1696 877 1744 excepi
899 1695 946 1734 de
966 1696 1131 1745 antiquis
1157 1703 1304 1745 praeter
1324 1696 1457 1734 Xeno·

139 1761 308 1810 phanem
346 1760 566 1798 neminem:
606 1760 762 1797 adiunxi
799 1767 966 1798 veterem
1003 1760 1268 1807 Academiam,
1303 1761 1455 1811 Peripa-
1475 1777 1516 1808 30

140 1826 287 1871 teticos,
309 1825 471 1863 Stoicos.
527 1825 640 1863 Unus
660 1826 834 1864 dissentit
852 1825 1053 1875 Epicurus.
1111 1824 1217 1872 Quid
1235 1828 1351 1865 vero?
1380 1828 1456 1867 hoc

141 1890 297 1940 turpius,
336 1902 453 1940 quam
490 1890 597 1940 quod
634 1890 738 1928 idem
783 1890 928 1928 nullam
967 1892 1085 1929 sensit
1131 1894 1335 1942 gratuitam
1373 1906 1458 1934 esse

139 1956 339 1993 virtutem?

195 2026 233 2060 2.
264 2021 362 2068 Quis
389 2027 447 2059 est
475 2028 602 2059 autem
636 2034 751 2071 quem
781 2035 861 2061 non
890 2030 1041 2061 moveat
1074 2024 1290 2064 clarissimis
1318 2039 1457 2066 monu-

139 2088 277 2125 mentis
296 2093 433 2126 testata
452 2088 755 2137 consignataque
776 2089 1008 2138 antiquitas?
1065 2089 1318 2129 Calchantem
1337 2104 1457 2142 augu-
1474 2100 1514 2132 35

138 2165 222 2191 rem
242 2153 370 2191 scribit
389 2152 586 2191 Homerus
605 2153 721 2202 longe
749 2154 948 2202 optimum,
970 2166 1135 2204 eumque
1161 2155 1299 2195 ducem
1325 2157 1456 2196 classis

140 2218 255 2256 fuisse
286 2219 335 2256 ad
368 2218 493 2264 Ilium,
523 2218 780 2267 auspiciorum
810 2219 925 2257 credo
960 2220 1130 2267 scientia,
1159 2233 1240 2258 non
1268 2222 1455 2261 locorum.

139 2284 421 2334 Amphilochus
441 2290 478 2321 et
498 2283 664 2333 Mopsus
684 2285 915 2334 Argivorum
935 2298 1046 2334 reges
1066 2286 1229 2332 fuerunt,
1252 2287 1320 2324 sed
1338 2288 1456 2326 iidem

139 2361 328 2400 augures:
356 2349 459 2401 iique
477 2349 592 2388 urbes
611 2349 651 2387 in
670 2362 738 2388 ora
762 2350 951 2389 maritima
979 2350 1134 2392 Ciliciae
1165 2350 1334 2390 Graecas
1362 2364 1456 2391 con-
