1668 2509
151 99 228 129 Sect.
245 97 300 129 IV.
389 97 393 99 ’
530 95 618 127 ΒΕΑ
629 96 763 128 UTIES
794 97 852 127 OF
880 96 943 127 NA
953 96 1088 128 TURE.
1394 100 1411 128 1
1422 96 1443 139 7
1448 99 1474 141 5

153 195 351 246 repellunt.
387 195 521 234 Genae
541 196 679 234 deinde
700 196 749 234 ab
768 195 946 234 inferiore
965 203 1072 246 parte
1091 202 1261 233 tutantur
1282 195 1473 234 subiectae

151 261 362 310 leniterque
393 261 616 299 eminentes.
673 260 879 310 Nasusque
913 262 965 298 ita
1002 262 1148 299 locatus
1188 268 1255 306 est,
1289 267 1330 298 ut
1365 263 1473 310 quasi

70 342 134 373 330
151 337 283 364 murus
305 326 425 363 oculis
445 326 662 364 interiectus
679 338 763 364 esse
778 327 960 364 videatur.
1001 327 1162 364 Auditus
1179 332 1308 364 autem
1321 338 1473 375 semper

150 397 275 440 patet;
316 391 397 428 eius
431 391 534 428 enim
563 402 680 428 sensu
709 391 823 429 etiam
852 391 1086 429 dormientes
1116 403 1297 440 egemus:
1341 403 1364 428 a
1394 402 1471 440 quo

151 469 269 506 quum
289 468 409 494 sonus
429 463 485 494 est
505 462 696 505 acceptus,
713 458 827 494 etiam
840 469 863 494 a
878 468 1018 494 somno
1040 458 1261 496 excitamur.
1306 457 1471 494 Flexuo-

152 533 237 559 sum
256 522 324 558 iter
343 521 467 567 habet,
484 533 532 558 ne
554 521 646 571 quid
665 522 802 559 intrare
823 523 955 571 possit,
977 522 1082 571 quod
1104 529 1244 571 posset,
1261 523 1290 559 si
1313 522 1472 571 simplex

152 592 189 624 et
218 586 404 624 directum
433 593 600 635 pateret;
631 587 826 636 provisum
846 587 971 633 etiam,
993 594 1045 632 ut,
1067 588 1098 624 si
1123 599 1199 635 qua
1223 588 1382 623 minima
1408 587 1473 624 be-

69 665 131 697 335
152 654 263 692 stiola
292 660 493 691 conaretur
522 653 740 702 irrumpere,
761 653 800 690 in
825 653 1001 690 sordibus
1031 653 1178 690 aurium
1209 659 1406 702 tamquam
1435 653 1472 688 in

151 720 255 757 visco
276 718 563 756 inhaeresceret.
619 718 738 756 Extra
757 725 884 755 autem
905 719 1084 764 eminent,
1107 731 1205 768 quae
1233 719 1474 768 appellantur

150 796 273 830 aures,
294 790 331 821 et
359 783 513 833 tegendi
543 796 658 821 causa
685 783 807 821 factae
838 784 1061 834 tutandique
1092 795 1240 829 sensus,
1262 790 1299 821 et
1328 796 1378 821 ne
1407 783 1473 821 ad-

152 851 271 887 iectae
291 861 405 887 voces
435 849 650 886 laberentur
680 855 795 898 atque
821 855 999 894 errarent,
1022 849 1246 898 priusquam
1268 861 1404 886 sensus
1424 850 1472 886 ab

153 915 210 952 his
239 914 372 964 pulsus
401 920 512 952 esset.
570 913 646 951 Sed
676 913 792 951 duros
821 920 858 951 et
887 914 994 962 quasi
1025 914 1228 951 corneolos
1249 914 1390 952 habent
1417 915 1472 951 in-

71 993 134 1024 340
152 980 287 1017 troitus
310 979 514 1028 multisque
542 991 631 1016 cum
651 978 835 1025 flexibus;
866 978 972 1027 quod
991 978 1049 1016 his
1069 979 1211 1016 naturis
1232 979 1371 1017 relatus
1391 992 1471 1017 am-

152 1044 337 1093 plificatur
357 1056 486 1081 sonus.
545 1043 737 1090 Quocirca
759 1049 797 1081 et
825 1044 865 1080 in
888 1043 1025 1081 fidibus
1055 1044 1244 1081 testudine
1273 1053 1472 1082 resonatur

151 1116 214 1146 aut
248 1121 367 1146 cornu
396 1116 433 1146 et
462 1121 508 1146 ex
540 1108 722 1146 tortuosis
759 1108 854 1147 locis
883 1115 921 1146 et
954 1108 1110 1146 inclusis
1145 1109 1229 1146 soni
1259 1109 1472 1148 referuntur

150 1174 365 1222 ampliores.
425 1173 600 1210 Similiter
619 1185 741 1218 nares,
763 1186 861 1222 quae
882 1186 1034 1223 semper
1053 1180 1210 1223 propter
1236 1176 1470 1213 necessarias

149 1239 328 1276 utilitates
361 1245 502 1287 patent,
534 1239 806 1276 contractiores
836 1239 979 1276 habent
1012 1238 1196 1284 introitus,
1229 1252 1278 1277 ne
1312 1240 1404 1289 quid
1433 1241 1471 1278 in

70 1315 132 1348 345
153 1315 230 1348 eaS‚
264 1304 371 1352 quod
408 1309 557 1349 noceat,
589 1304 711 1352 possit
748 1303 966 1353 pervadere,
1000 1303 1279 1353 humoremque
1319 1317 1472 1355 semper

152 1367 307 1413 habent,
327 1367 376 1405 ad
403 1368 596 1417 pulverem
621 1369 815 1418 multaque
845 1369 917 1406 alia
941 1369 1167 1418 depellenda
1187 1381 1267 1406 non
1287 1370 1470 1408 inutilem.

154 1431 337 1470 Gustatus
370 1433 562 1481 praeclare
601 1440 731 1482 septus
762 1440 830 1478 est,
863 1445 930 1470 ore
959 1434 1062 1471 enim
1097 1434 1322 1480 continetur,
1357 1442 1395 1472 et
1423 1436 1472 1473 ad

152 1509 265 1535 usum
285 1504 372 1547 apte
393 1504 430 1534 et
449 1497 498 1535 ad
522 1498 794 1535 incolumitatis
819 1498 1042 1536 custodiam.
1101 1498 1316 1548 Omnisque
1337 1512 1471 1538 sensus

153 1562 353 1599 hominum
372 1562 492 1599 multo
513 1563 701 1600 antecellit
721 1564 894 1600 sensibus
914 1564 1133 1601 bestiarum.

71 1636 136 1668 350
206 1631 270 1665 14.
300 1627 470 1664 Primum
490 1629 593 1665 enim
613 1629 713 1666 oculi
733 1629 772 1665 in
793 1629 837 1665 iis
857 1629 1010 1674 artibus,
1028 1641 1190 1678 quarum
1210 1630 1391 1668 iudicium
1412 1639 1470 1669 est

152 1692 364 1738 oculorum,
392 1693 432 1729 in
465 1693 586 1741 pictis,
619 1693 725 1738 fictis,
758 1693 986 1742 caelatisque
1017 1693 1159 1739 formis,
1194 1695 1234 1732 in
1263 1707 1471 1744 corporum

153 1758 268 1794 etiam
287 1758 459 1794 motione
479 1765 594 1807 atque
614 1764 726 1806 gestu
745 1758 864 1795 multa
883 1765 1044 1795 cernunt
1064 1760 1236 1797 subtilius
1251 1774 1262 1808 5
1294 1761 1469 1799 colorum

153 1823 266 1860 etiam
286 1829 323 1859 et
341 1823 550 1871 figurarum
569 1829 651 1859 tum
670 1829 909 1860 venustatem
939 1831 1053 1872 atque
1082 1825 1260 1862 ordinem
1279 1832 1327 1872 et,
1347 1833 1390 1863 ut
1417 1828 1468 1864 ita

154 1887 292 1932 dicam,
322 1887 536 1925 decentiam
566 1888 667 1925 oculi
696 1888 899 1925 iudicantz·
919 1895 1032 1937 atque
1060 1889 1176 1926 etiam
1210 1890 1282 1927 alia
1311 1892 1467 1930 maiora.

73 1965 136 1998 355
156 1951 260 1989 Nam
279 1958 318 1989 et
334 1953 488 1989 virtutes
513 1959 551 1990 et
578 1953 667 1989 vitia
694 1960 958 2002 cognoscunt:
987 1954 1125 1991 iratum
1152 1955 1373 2004 propitium,
1393 1957 1470 1995 lae-

155 2022 300 2054 tantem
341 2016 547 2058 dolentem,
587 2017 724 2054 fortem
762 2018 955 2065 ignavum,
993 2019 1180 2056 audacem
1217 2021 1469 2072 timidumque

154 2087 409 2128 cognoscunt.
447 2082 685 2131 Auriumque
705 2082 796 2119 item
821 2089 878 2119 est
897 2083 1118 2120 admirabile
1139 2084 1335 2133 quoddam
1357 2088 1470 2124 artifi-

154 2145 378 2193 ciosumque
397 2145 589 2191 iudicium,
611 2158 688 2195 quo
708 2146 894 2184 iudicatur
913 2153 950 2184 et
970 2148 1009 2184 in
1028 2149 1144 2194 vocis,
1165 2156 1203 2186 et
1233 2150 1273 2186 in
1293 2151 1469 2189 tibiarum

155 2220 434 2257 nervorumque
455 2210 627 2247 cantibus
647 2211 806 2248 varietas
827 2223 1023 2257 sonorum,
1044 2213 1247 2259 intervalla,
1265 2215 1469 2260 distinctio,

74 2276 138 2316 360
156 2281 193 2312 et
218 2274 322 2311 vocis
346 2286 487 2322 genera
509 2276 719 2322 permulta:
749 2276 956 2314 candidum
985 2277 1146 2323 fuscum,
1166 2279 1247 2316 leve
1277 2292 1467 2328 asperum,

155 2349 269 2388 grave
288 2345 454 2385 acutum,
467 2338 631 2376 flexibile
650 2340 786 2377 durum
797 2352 807 2386 3
838 2352 935 2391 quae
951 2341 1151 2379 hominum
1172 2343 1296 2380 solum
1316 2345 1468 2383 auribus
