1668 2509
498 455 588 496 AN
639 452 1006 495 ARGUMENT

334 598 651 641 AGAINST
702 596 1172 640 PROVIDENCE.

150 774 181 806 1.
212 768 376 807 Telamo
415 781 494 807 uno
541 782 648 807 versu
694 769 823 806 locum
870 774 993 806 totum
1041 766 1205 812 conficit,
1244 777 1310 803 cur
1359 763 1408 801 dii

96 836 272 875 homines
300 837 517 886 negligant:

170 923 257 954 Nam
281 922 307 954 si
331 926 449 959 curent,
472 922 554 953 bene
576 922 671 953 bonis
694 922 744 958 sit,
767 921 854 952 male
876 921 988 957 malis;
1017 919 1105 961 quod
1127 929 1213 951 nunc
1235 918 1336 949 abest.

98 1000 302 1038 Debebant
338 1000 389 1037 illi
430 1000 585 1049 quidem
629 1011 765 1036 omnes
807 1000 935 1037 bonos
977 999 1136 1039 efficere,
1177 998 1208 1035 si
1253 996 1408 1045 quidem

62 1077 77 1106 5
98 1065 298 1102 hominum
326 1065 456 1113 generi
483 1064 756 1102 consulebant:
790 1064 848 1101 sin
878 1064 918 1101 id
942 1064 1080 1109 minus,
1108 1062 1220 1099 bonis
1252 1060 1408 1110 quidem

99 1137 198 1168 certe
218 1129 414 1168 consulere
437 1129 639 1166 debebant.
696 1128 776 1166 Cur
801 1129 915 1178 igitur
939 1129 1016 1166 duo
1047 1127 1260 1177 Scipiones,
1281 1125 1409 1162 fortis-

101 1196 218 1233 simos
258 1201 295 1232 et
332 1194 501 1243 optimos
537 1193 648 1238 viros,
688 1193 727 1230 in
765 1193 957 1242 Hispania
1000 1193 1155 1231 Poenus
1193 1190 1408 1241 oppressit?

101 1260 177 1297 Cur
211 1259 405 1296 Maximus
438 1258 568 1295 extulit
605 1258 722 1294 filium
751 1257 1018 1296 consularem?
1075 1256 1154 1294 Cur
1181 1255 1408 1293 Marcellum

99 1324 295 1362 Hannibal
332 1323 545 1360 interemit?
619 1321 698 1360 Cur
735 1322 907 1360 Paullum
946 1321 1104 1360 Cannae
1149 1320 1409 1359 sustulerunt?

45 1399 82 1420 10
100 1390 177 1428 Cur
214 1388 432 1426 Poenorum
471 1387 679 1425 crudelitati
718 1387 857 1436 Reguli
895 1399 1036 1436 corpus
1074 1393 1132 1424 est
1167 1385 1409 1435 praebitum?

100 1455 178 1493 Cur
223 1453 445 1491 Africanum
492 1452 690 1489 domestici
735 1453 899 1501 parietes
937 1464 1017 1490 non
1054 1451 1256 1489 texerunt?
1333 1449 1410 1487 Sed

100 1521 194 1558 haec
231 1525 367 1563 vetera,
401 1524 438 1555 et
475 1517 546 1554 alia
582 1517 781 1565 permulta.
837 1516 1022 1567 Propiora
1058 1517 1268 1554 videamus.
1331 1512 1411 1551 Cur

101 1584 306 1622 avunculus
339 1594 459 1628 meus,
485 1581 539 1618 vir
570 1581 906 1619 innocentissimus
939 1582 1119 1630 idemque
1154 1579 1409 1624 doctissimus,

100 1649 140 1687 P.
177 1648 352 1694 Rutilius,
383 1648 423 1684 in
461 1646 594 1684 exsilio
634 1646 718 1683 est?
762 1657 827 1683 cur
865 1646 1007 1683 sodalis
1044 1657 1152 1683 meus
1190 1643 1411 1681 interfectus

47 1722 81 1752 ¹5
102 1714 206 1752 domi
240 1724 342 1758 suae,
362 1711 535 1749 Drusus?
565 1722 632 1747 cur
656 1711 929 1759 temperantiae
961 1710 1260 1760 prudentiaeque
1288 1707 1411 1757 speci-

101 1790 191 1815 men
233 1784 320 1814 ante
363 1777 604 1814 simulacrum
645 1775 787 1813 Vestae
826 1775 1000 1827 pontifex
1036 1775 1228 1812 maximus
1265 1779 1323 1810 est
1359 1771 1410 1817 Q.

103 1841 286 1880 Scaevola
317 1841 548 1879 trucidatus?
578 1853 645 1879 cur
680 1847 767 1878 ante
800 1840 913 1877 etiarn
943 1846 999 1877 tot
1027 1839 1186 1877 civitatis
1219 1836 1412 1886 principes

101 1919 124 1945 a
143 1906 270 1945 Cinna
284 1906 525 1955 interempti?
555 1918 621 1943 cur
636 1905 810 1943 omnium
823 1904 1172 1953 perfidiosissimus,
1195 1901 1238 1940 C.
1253 1902 1410 1945 Marius,

103 1971 151 2018 Q.
175 1970 365 2014 Catulum,
400 1970 725 2019 praestantissima
763 1969 946 2018 dignitate
982 1969 1115 2021 yirum,
1153 1967 1252 2004 mori
1288 1966 1411 2014 potuit

47 2054 86 2076 20
103 2037 257 2076 iubere?
312 2035 405 2072 Dies
427 2034 639 2080 deficiatfsi
658 2035 769 2072 velim
789 2045 998 2079 numerare,
1020 2034 1157 2082 quibus
1181 2031 1293 2068 bonis
1313 2030 1411 2067 male

103 2102 278 2146 evenerit,
316 2112 388 2138 nec
433 2100 572 2146 minus,
612 2098 645 2137 si
690 2110 1004 2143 commemorem,
1042 2098 1181 2146 quibus
1227 2094 1412 2143 improbis

103 2168 257 2217 optime.
315 2164 394 2203 Cur
429 2165 532 2202 enim
559 2164 704 2202 Marius
741 2170 819 2200 tam
856 2163 1012 2200 feliciter
1039 2162 1244 2210 septimum
1277 2158 1412 2195 consul

104 2233 209 2271 domi
239 2243 330 2269 suae
363 2242 480 2268 senex
510 2235 567 2266 est
598 2229 796 2267 mortuus?
830 2241 896 2267 cur
925 2227 1099 2266 omnium
1131 2224 1412 2264 crudelissimus

103 2306 181 2336 tam
210 2296 274 2334 diu
303 2295 428 2333 Cinna
454 2293 651 2343 regnavit?
