1668 2509
158 92 235 123 Sem.
259 91 314 123 ιν.
520 91 609 122 ΒΕΑ
619 92 753 124 UTJES
785 93 842 124 or·
870 93 932 124 NA
943 93 1077 125 TURE.
1402 94 1478 138 179

158 191 318 228 rentiam
334 190 535 240 pertinent,
549 198 678 230 tamen
691 199 728 230 et
749 194 1009 242 spectaculum
1028 193 1249 231 hominibus
1269 194 1455 243 praebent
1469 207 1478 239 ;

75 254 138 296 465
159 255 263 293 nulla
296 262 353 293 est
386 257 488 294 enim
522 257 770 295 insatiabilior
803 259 962 307 species,
994 259 1099 296 nulla
1135 259 1328 308 pulchrior
1366 265 1404 296 et
1430 259 1481 296 ad

157 321 344 358 rationem
392 322 673 372 sollertiamque
721 325 974 373 praestantior
984 337 994 371 ;
1033 336 1166 361 eorum
1205 325 1309 361 enim
1347 336 1479 361 cursus

157 377 338 433 dimetati,
368 388 602 426 maturitates
632 395 851 438 temporum
875 396 911 427 et
941 390 1140 427 varietates
1169 389 1479 438 mutationesque

157 452 421 501 cognovimus.
478 452 590 499 Quae
617 453 647 490 si
671 453 892 492 hominibus
916 454 1006 492 solis
1036 461 1128 492 nota
1157 461 1254 500 sunt,
1275 454 1480 491 hominum

159 529 274 555 causa
293 517 391 555 facta
411 530 495 556 esse
515 519 764 556 iudicandum
785 526 853 556 est.
913 520 1035 558 Terra
1049 532 1139 557 vero
1160 520 1235 558 feta
1250 520 1422 568 frugibus
1443 526 1479 556 et

78 594 142 627 470
159 584 262 620 vario
282 583 520 632 leguminum
545 596 698 633 genere,
721 596 820 633 quae
845 597 933 622 cum
953 586 1122 622 maxima
1140 585 1312 634 largitate
1343 585 1478 630 fundit,

159 662 204 687 ea
232 649 448 688 ferarumne
477 663 526 687 an
555 650 758 688 hominum
791 663 909 689 causa
946 652 1103 701 gignere
1141 652 1318 690 videtur?
1375 649 1480 697 Quid

158 715 205 752 de
226 715 363 753 vitibus
383 716 607 765 olivetisque
635 716 786 753 dicam?
817 729 979 766 quarum
1002 717 1181 754 uberrimi
1208 716 1479 765 laetissimique

99 809 103 813 .
156 780 297 818 fructus
327 780 600 819 nihilomnino
630 781 679 819 ad
698 782 839 819 bestias
869 782 1070 831 pertinent.
1130 781 1269 831 Neque
1290 782 1393 819 enim
1421 793 1480 818 se-

157 846 276 892 rendi,
310 852 436 895 neque
466 846 629 892 colendi,
659 859 731 885 nec
761 847 984 897 tempestive
1019 847 1237 884 demetendi
1267 846 1479 896 percipien-

78 915 137 950 475
158 911 271 960 dique
301 910 455 957 fruetus,
485 923 612 960 neque
642 911 836 949 condendi
869 924 914 949 ac
942 912 1153 961 reponendi
1181 912 1257 948 ulla
1285 911 1478 961 pecudum

155 976 313 1014 scientia
339 982 406 1022 est,
427 988 634 1026 earumque
658 978 832 1014 omnium
859 989 985 1014 rerum
1007 977 1209 1014 hominum
1238 983 1295 1014 est
1323 983 1360 1014 et
1387 989 1477 1014 usus

153 1048 192 1079 et
211 1054 312 1079 cura.
353 1040 406 1078 Ut
419 1041 514 1079 fides
534 1042 648 1091 igitur
664 1048 700 1079 et
716 1042 828 1079 tibias
849 1054 983 1079 eorum
1000 1054 1115 1080 causa
1130 1042 1248 1079 factas
1269 1041 1475 1079 dicendum

153 1114 222 1153 est,
243 1107 307 1157 qui
326 1106 395 1144 illis
425 1107 478 1143 uti
503 1113 677 1156 possunt,
703 1108 755 1144 sic
780 1120 836 1154 ea,
857 1119 955 1157 quae
975 1107 1063 1153 dixi,
1093 1108 1138 1144 iis
1168 1107 1259 1144 solis
1289 1107 1477 1144 confiten-

156 1172 248 1210 dum
268 1179 326 1210 est
345 1185 429 1210 esse
449 1179 591 1222 parata,
604 1173 669 1221 qui
680 1179 861 1218 utuntur5
889 1185 962 1210 nec
982 1173 1012 1210 si
1028 1184 1127 1221 quae
1142 1172 1286 1209 bestiae
1307 1171 1476 1208 furantur

74 1243 138 1284 480
157 1238 299 1287 aliquid
319 1251 366 1276 ex
385 1238 430 1275 iis
451 1245 514 1276 aut
534 1238 696 1288 rapiunt,
717 1238 864 1275 illarum
884 1250 1039 1287 quoque
1061 1249 1176 1275 causa
1202 1249 1248 1274 ea
1276 1243 1366 1274 nata
1393 1249 1476 1274 esse

156 1304 340 1342 dicemus.
396 1303 533 1354 Neque
566 1308 669 1341 enim
707 1303 885 1341 homines
923 1303 1090 1340 murium
1128 1309 1192 1340 aut
1229 1302 1474 1340 formicarum

154 1382 270 1407 causa
300 1369 532 1407 frumentum
567 1370 751 1414 condunt,
786 1369 854 1406 sed
886 1369 1096 1417 coniugum
1126 1374 1163 1405 et
1193 1367 1401 1404 liberorum
1440 1374 1477 1405 et

155 1435 381 1473 familiarum
401 1447 566 1472 suarum.
623 1435 759 1484 Itaque
784 1434 928 1472 bestiae
953 1434 1092 1480 furtim,
1111 1439 1153 1471 ut
1182 1433 1271 1480 dixi,
1291 1432 1476 1480 fruuntur,

156 1501 303 1538 domini
322 1501 449 1550 palam
469 1507 508 1538 et
526 1501 653 1537 libere.

73 1573 136 1614 485
211 1571 274 1605 19.
305 1566 521 1603 Hominum
549 1566 663 1615 igitur
691 1577 805 1604 causa
834 1577 898 1603 eas
923 1577 1050 1603 rerum
1077 1565 1209 1615 copias
1233 1571 1477 1614 comparatas

156 1643 240 1669 esse
270 1631 468 1668 fatendum
500 1637 580 1677 est;
611 1631 683 1668 nisi
712 1631 806 1668 forte
834 1637 941 1668 tanta
968 1631 1122 1668 ubertas
1151 1637 1188 1667 et
1216 1630 1375 1667 varietas
1404 1642 1475 1679 po-

153 1709 318 1742 morum,
347 1708 557 1745 eorumque
584 1695 773 1733 iucundus
802 1708 883 1733 non
911 1702 1084 1745 gustatus
1115 1695 1252 1742 solum,
1281 1695 1349 1732 sed
1378 1695 1474 1732 odo-

152 1768 254 1799 ratus
273 1762 388 1799 etiam
416 1768 453 1798 et
478 1767 656 1810 aspectus
687 1761 965 1798 dubitationem
994 1761 1113 1806 affert,
1134 1761 1227 1809 quin
1254 1761 1475 1799 hominibus

154 1827 244 1864 solis
273 1839 319 1864 ea
346 1833 481 1864 natura
507 1827 728 1864 donaverit:
757 1833 983 1875 tantumque
1010 1827 1128 1872 abest,
1148 1832 1190 1863 ut
1214 1825 1311 1863 haec
1336 1826 1474 1864 bestia-

72 1906 136 1938 490
154 1904 239 1928 rum
258 1892 374 1929 etiam
393 1904 508 1929 causa
527 1898 659 1941 parata
679 1892 763 1937 sint,
783 1898 824 1929 ut
843 1892 946 1941 ipsas
965 1892 1106 1929 bestias
1125 1891 1327 1928 hominum
1354 1893 1474 1940 gratia

155 1964 354 2006 generatas
369 1969 453 1995 esse
466 1957 674 1996 videamus.
733 1956 839 2003 Quid
859 1958 960 1994 enirn
982 1969 1073 1995 oves
1088 1957 1191 1994 aliud
1212 1957 1387 2003 afferunt,
1401 1958 1474 1994 nisi

154 2031 194 2061 ut
216 2035 346 2060 earum
365 2023 460 2061 villis
480 2023 665 2061 confectis
687 2029 800 2073 atque
823 2023 1012 2060 contextis
1032 2022 1210 2060 homines
1239 2023 1473 2060 vestiantur?

153 2089 266 2136 Quae
285 2089 441 2139 quidem
461 2101 586 2138 neque
607 2088 666 2134 ali,
687 2100 812 2138 neque
842 2087 1056 2134 sustentari,
1076 2100 1202 2137 neque
1229 2088 1348 2124 ullum
1374 2088 1473 2125 fruc-

155 2161 237 2192 tum
266 2155 378 2192 edere
407 2166 455 2192 ex
484 2166 525 2191 se
554 2154 635 2192 sine
664 2153 767 2191 cultu
791 2153 995 2190 hominum
1020 2159 1058 2190 et
1087 2153 1281 2190 curatione
1301 2159 1470 2201 possent.

75 2224 137 2257 495
158 2220 310 2258 Canum
338 2231 428 2256 vero
457 2226 536 2256 tam
564 2219 641 2256 fida
668 2219 853 2263 custodia,
881 2224 1038 2267 tamque
1065 2230 1200 2256 amans
1227 2217 1471 2254 dominorum

156 2286 335 2332 adulatio,
353 2291 578 2334 tantumque
599 2284 731 2322 odium
751 2284 790 2320 in
809 2290 1000 2329 externos,
1019 2290 1056 2320 et
1075 2289 1153 2320 tam
1173 2281 1402 2319 incredibilis
1422 2283 1471 2320 ad

155 2350 463 2401 investigandum
492 2350 680 2399 sagacitas
709 2349 870 2394 narium,
895 2354 1000 2386 tanta
1027 2346 1199 2386 alacritas
1227 2346 1266 2383 in
1294 2347 1469 2384 venando
