1668 2509
148 69 249 111 Chap.
266 71 305 102 11.
551 69 708 102 OMENS
737 68 838 100 AND
866 69 1072 102 DREAMS.
1394 72 1411 101 1
1424 72 1474 115 13

149 168 190 206 in
209 168 347 218 quibus
366 168 488 207 multa
507 176 664 219 propter
683 168 958 207 fecunditatem
977 168 1071 218 fingi
1091 168 1276 219 gignique
1302 174 1478 218 possunt,

149 233 190 271 in
209 234 370 272 ostentis
390 234 739 272 animadvertendis
760 234 963 284 diligentes
983 233 1147 271 fuerunt.

75 319 132 341 110
205 303 244 338 5.
275 299 374 346 Quis
393 312 483 337 vero
503 312 584 338 non
603 300 705 338 videt
730 300 770 337 in
798 300 945 349 optima
973 311 1127 350 quaque
1147 299 1344 349 republica
1362 299 1480 349 pluri-

150 376 258 402 mum
287 365 459 414 auspicia
493 371 530 402 et
563 364 708 415 reliqua
737 364 932 402 divinandi
959 376 1105 414 genera
1133 365 1321 402 valuisse?
1378 363 1478 411 Quis

151 441 218 467 rex
265 441 452 479 umquam
490 430 571 476 suit,
610 430 697 479 quis
734 429 912 479 populus,
951 430 1016 479 qui
1055 441 1137 467 non
1183 436 1351 467 uteretur
1391 441 1478 479 pre-

153 495 321 532 dictione
351 495 502 533 divina?
543 507 669 544 neque
699 495 825 533 solum
853 494 893 531 in
921 506 1030 544 pace,
1061 494 1129 532 sed
1157 495 1197 532 in
1225 494 1327 532 bello
1355 494 1477 532 multo

151 559 268 597 etiam
296 560 431 609 magis,
454 572 532 610 quo
561 561 686 598 maius
715 567 794 597 erat
824 567 1018 597 certamen
1038 566 1075 596 et
1095 559 1303 597 discrimen
1333 559 1476 597 salutis.

74 636 131 667 ¹15
153 623 301 663 Omitto
320 632 486 670 nostros,
508 625 573 675 qui
593 625 685 662 nihil
705 625 745 662 in
765 624 865 662 bello
891 625 973 661 sine
1000 624 1098 661 extis
1128 631 1259 673 agunt,
1280 623 1373 661 nihil
1394 624 1476 662 sine

151 689 329 738 auspiciis
345 689 451 727 dorni
465 690 617 728 habent.
648 689 820 727 Externa
840 689 1049 727 videamus.
1081 688 1262 739 Namque
1276 696 1314 727 et
1328 689 1476 726 Athen-

150 754 277 792 ienses
306 755 488 793 omnibus
519 767 671 805 semper
701 755 863 805 publicis
894 755 1064 793 consiliis
1100 754 1249 793 divinos
1284 755 1477 805 quosdam

151 819 383 865 sacerdotes,
414 832 514 870 quos
550 824 684 865 μάντεις
717 827 866 866 vocant,
895 819 1170 858 adhibuerunt:
1209 826 1247 858 et
1279 819 1477 858 Lacedae-

149 885 271 922 monii
293 885 448 934 regibus
477 886 555 923 suis
585 898 772 934 augurem
801 897 1037 922 assessorem
1066 884 1275 932 dederunt3
1306 885 1476 935 itemque

72 969 132 990 120
151 951 305 989 senibus
337 951 409 998 (sic
438 952 543 989 enim
573 951 778 990 consilium
811 951 1008 1000 publicum
1045 949 1256 1000 appellant)
1289 963 1475 1000 augurem

149 1015 334 1053 interesse
362 1016 587 1054 voluerunt:
627 1015 819 1065 iidemque
849 1015 897 1054 de
926 1016 1041 1053 rebus
1073 1016 1281 1054 maioribus
1321 1028 1476 1065 semper

149 1089 214 1119 aut
255 1080 417 1131 Delphis
462 1081 671 1127 oraculum,
712 1088 775 1119 aut
819 1081 868 1119 ab
905 1081 1105 1119 Ammone
1142 1088 1207 1119 aut
1244 1094 1268 1119 a
1304 1080 1476 1120 Dodona

149 1146 344 1195 petebant.
401 1145 603 1195 Lycurgus
637 1146 806 1195 quidem,
841 1146 907 1196 qui
941 1145 1341 1184 Lacedaemoniorum
1374 1159 1474 1185 rem-

148 1210 343 1260 publicam
376 1212 612 1260 temperavit,
641 1212 747 1260 leges
779 1223 869 1249 suas
903 1212 1127 1249 auctoritate
1155 1212 1346 1261 Apollinis
1379 1211 1472 1250 Del-

71 1289 129 1320 125
147 1276 250 1325 phici
271 1276 521 1314 confirmavit.
579 1276 690 1323 Quas
719 1288 839 1327 quum
858 1276 968 1314 vellet
995 1276 1194 1326 Lysander
1222 1285 1473 1324 commutare,

148 1341 284 1378 eadem
314 1350 371 1379 est
399 1342 614 1391 prohibitus
633 1342 832 1390 religione.
889 1341 1020 1391 Atque
1040 1342 1166 1388 etiam,
1187 1343 1253 1392 qui
1273 1350 1473 1392 praeerant

147 1404 478 1452 Lacedaemoniis,
499 1418 580 1444 non
606 1407 778 1444 contenti
798 1406 1042 1455 vigilantibus
1067 1407 1178 1453 curis,
1200 1408 1239 1444 in
1259 1406 1472 1456 Pasiphaae

148 1470 252 1517 fano,
285 1472 391 1521 quod
423 1478 482 1510 est
515 1472 554 1508 in
592 1483 687 1522 agro
724 1479 882 1521 propter
919 1472 1066 1517 urbem,
1099 1472 1318 1510 somniandi
1355 1484 1474 1511 causa

146 1537 392 1582 incubabant,
414 1537 505 1587 quia
523 1549 612 1574 vera
631 1537 769 1586 quietis
789 1536 944 1576 orazula
964 1536 1170 1575 ducebant.

72 1616 82 1638 ι
89 1616 132 1646 30
203 1606 242 1640 6.
270 1602 335 1639 Ad
353 1610 484 1639 nostra
503 1602 580 1639 iam
599 1602 728 1639 redeo.
785 1601 950 1649 Quoties
980 1610 1136 1640 senatus
1165 1602 1405 1648 decemviros
1422 1603 1473 1642 ad

147 1666 267 1704 libros
286 1667 339 1703 ire
359 1667 488 1704 iussit!
519 1667 671 1716 quantis
700 1667 741 1704 in
770 1667 896 1712 rebus,
917 1678 1112 1716 quamque
1139 1679 1255 1718 saepe
1274 1668 1472 1718 responsis

149 1730 395 1780 haruspicum
415 1731 562 1781 paruit!
619 1731 724 1769 Nam
753 1739 791 1769 et
818 1743 939 1781 quum
959 1731 1037 1769 duo
1056 1732 1125 1770 visi
1152 1732 1253 1770 soles
1273 1739 1414 1779 essent,
1435 1739 1473 1771 et

152 1806 272 1844 quum
291 1803 367 1834 tres
381 1796 506 1842 lunae,
520 1804 557 1834 et
573 1809 692 1846 quum
706 1796 823 1842 faces,
838 1804 875 1834 et
895 1808 1015 1846 quum
1031 1797 1090 1835 sol
1109 1804 1225 1835 nocte
1244 1798 1345 1836 visus
1359 1805 1471 1845 esset,

151 1867 189 1898 et
216 1872 335 1909 quum
363 1873 385 1898 e
411 1861 518 1898 caelo
547 1861 717 1899 fremitus
748 1862 913 1907 auditus,
933 1868 971 1899 et
1000 1874 1121 1912 quum
1150 1862 1300 1900 caelum
1329 1862 1471 1900 disces-

74 1937 132 1968 135
152 1925 246 1963 sisse
265 1925 388 1962 visum
405 1934 463 1964 est
482 1933 597 1976 atque
617 1926 656 1964 in
677 1939 725 1964 eo
753 1926 1006 1964 animadversi
1026 1927 1144 1976 globi.
1200 1926 1338 1965 Delata
1358 1928 1473 1965 etiam

152 1990 202 2028 ad
231 1997 405 2027 senatum
432 1990 539 2029 labes
567 1992 648 2040 agri
677 1992 915 2037 PrivernatiS,
946 2004 1067 2041 quum
1096 1992 1146 2029 ad
1173 1992 1363 2030 infinitam
1390 1992 1471 2030 alti-

152 2055 325 2093 tudinem
357 2061 456 2092 terra
489 2055 714 2102 desedisset,
747 2056 965 2106 Apuliaque
998 2057 1177 2095 maximis
1207 2064 1328 2095 terrae
1358 2057 1470 2094 moti-

153 2120 225 2157 bus
269 2129 525 2168 conquassata
568 2129 693 2160 esset:
741 2123 880 2170 quibus
918 2123 1104 2171 portentis
1142 2134 1285 2171 magna
1324 2122 1470 2171 populo

153 2184 336 2222 Romano
374 2184 472 2222 bella
517 2186 833 2236 perniciosaeque
880 2187 1087 2224 seditiones
1134 2187 1467 2224 denuntiabantur.

77 2259 136 2288 140
153 2248 277 2298 Inque
322 2249 381 2287 his
428 2250 608 2288 omnibus
654 2263 845 2300 responsa
886 2251 1134 2300 haruspicum
1178 2264 1266 2289 cum
1305 2251 1468 2300 Sibylla<-

153 2314 322 2352 versibus
351 2315 627 2364 congruebant.
686 2314 803 2363 Quid,
828 2327 948 2366 quum
974 2315 1108 2354 Cumis
1136 2315 1281 2365 Apollo
1309 2315 1469 2364 sudavit,
