1668 2509
161 60 240 116 138
497 67 741 100 EXTRACTS
768 66 904 97 FROM
931 64 1112 96 CICERO.
1322 65 1400 96 sect.
1418 64 1477 96 111.

161 171 364 219 omnisque
412 174 548 206 natura
594 167 780 206 consistat
818 177 978 203 necesse
1022 170 1091 210 est,
1129 175 1202 201 nec
1242 162 1319 200 vim
1360 162 1476 200 ullam

160 235 417 280 nanciscatur,
447 245 524 282 qua
552 245 574 270 a
601 233 727 281 primo
757 231 922 280 impulsu
950 235 1158 267 moveatur.

211 304 274 338 16.
303 298 438 345 Quum
475 304 605 347 pateat
638 297 751 346 igitui-
789 302 987 332 aeternum
1026 294 1065 331 id
1102 305 1199 339 esse,
1232 291 1338 342 quod
1375 304 1398 330 a
1435 304 1476 331 se
1493 304 1556 338 250

158 365 246 414 ipso
281 369 501 408 moveatur;
549 361 635 411 quis
668 367 736 406 est,
767 360 832 409 qui
869 360 968 397 hanc
1005 365 1181 396 naturam
1219 357 1354 395 animis
1392 369 1476 394 esse

158 430 338 467 tributam
375 427 516 476 neget?
582 426 802 464 Inanimum
834 431 892 462 est
929 425 1033 461 enim
1066 435 1194 468 omne,
1223 422 1329 471 quod
1365 421 1476 471 pulsu

163 494 326 543 agitatur
354 499 537 530 externo:
576 491 683 540 quod
720 497 848 528 autem
884 489 1026 526 animal
1059 494 1127 532 est,
1157 487 1196 525 id
1224 493 1331 524 motu
1360 486 1478 524 cietur

161 558 340 596 interiore
361 563 399 594 et
419 568 511 594 suo:
541 568 632 593 nam
660 555 757 592 haee
785 561 842 593 est
870 560 1005 591 natura
1034 553 1189 603 propria
1217 551 1334 589 animi
1363 557 1477 600 atque

132 626 134 629 “
163 624 229 661 vis.
305 622 416 669 Quae
454 621 486 659 si
523 627 580 658 est
615 633 694 658 una
730 632 777 657 ex
816 619 1008 663 omnibus,
1046 630 1145 667 quae
1189 629 1272 655 sese
1314 622 1476 662 moveat,
1495 629 1556 662 255

163 699 290 737 neque
334 693 425 724 nata
468 693 526 724 est
564 692 663 724 certe
701 692 738 722 et
774 691 928 722 aeterna
965 689 1032 721 est.
1110 682 1226 720 Hanc
1263 688 1304 719 tu
1341 693 1478 719 exerce

164 752 321 802 optimis
358 752 399 789 in
436 751 570 797 rebus;
618 756 707 788 sunt
744 757 871 786 autem
915 749 1084 797 optimae
1123 759 1235 785 curae
1274 746 1320 784 de
1359 746 1478 784 salute

165 818 332 867 patriae:
371 817 510 865 quibus
539 816 702 864 agitatus
731 822 767 852 et
796 814 1022 851 exercitatus
1056 812 1206 849 animus
1234 812 1401 849 velocius
1438 811 1478 848 in

163 883 265 920 hane
303 880 435 919 sedem
473 886 510 918 et
547 880 707 917 domum
752 891 861 916 suam
908 877 1131 927 pervolabit.
1201 877 1324 925 quue
1371 876 1478 913 ocius

165 947 289 993 faciet,
320 946 352 983 si
380 946 457 983 iam
486 952 578 991 tum,
609 956 728 994 quum
757 944 826 981 erit
858 943 1026 980 inclusus
1059 943 1098 979 in
1133 953 1305 991 corpore,
1335 941 1478 978 emine·
1497 945 1560 978 260

164 1013 220 1050 bit
266 1011 368 1049 foras
412 1017 450 1048 et
492 1023 548 1056 ea,
587 1022 687 1060 quae
732 1017 837 1047 extra
883 1016 1004 1053 erunt,
1049 1008 1315 1057 contemplans
1362 1019 1479 1057 quam

166 1077 336 1115 maxime
371 1087 412 1112 se
449 1087 473 1112 a
505 1086 667 1123 corpore
701 1073 902 1111 abstrahet.
959 1071 1139 1121 Namque
1177 1083 1312 1109 eorum
1350 1071 1479 1118 animi,

166 1143 231 1192 qui
261 1153 302 1179 se
331 1140 503 1190 corporis
531 1139 786 1188 voluptatibus
817 1137 1043 1176 dediderunt
1071 1149 1277 1186 earumque
1300 1148 1342 1175 se
1370 1137 1479 1186 quasi

167 1208 364 1245 ministros
401 1206 670 1254 praebuerunt,
709 1203 951 1252 impulsuque
988 1202 1187 1239 libidinum
1223 1202 1478 1251 voluptatibus
1498 1193 1513 1213 ⁶

169 1271 431 1310 obedientium
470 1270 631 1307 deorum
675 1275 712 1306 et
748 1268 950 1306 hominum
987 1267 1068 1304 iura
1113 1267 1356 1313 violaverunt,
1395 1279 1477 1305 cor·
1497 1266 1558 1308 265

167 1336 325 1387 poribus
355 1334 474 1384 elapsi
503 1334 645 1372 circum
674 1340 811 1370 terram
840 1332 962 1381 ipsam
995 1331 1233 1379 volutantur3
1275 1343 1348 1370 nec
1375 1331 1479 1371 hunc

169 1404 208 1440 in
241 1401 381 1446 locum,
414 1399 486 1436 nisi
519 1398 648 1436 multis
681 1397 858 1446 exagitati
892 1396 1064 1442 saeculis,
1094 1394 1479 1444 revertuntur.'—1Ue

169 1465 363 1512 discessit;
402 1475 476 1514 ego
506 1475 645 1502 somno
673 1462 818 1500 solutus
846 1473 943 1500 sum.
