1668 2509
139 96 220 127 120
466 92 713 125 EXTRAC'TS
741 93 879 125 FROM
908 94 1088 126 CICERO.
1307 96 1460 130 sect.111.

646 261 838 301 CHAP.
876 261 946 301 IV.

185 385 218 421 1.
248 381 367 420 Facta
398 382 619 421 coniectura
652 383 691 420 in
722 382 912 433 Dionysio
951 390 1008 422 est
1044 384 1174 434 paullo
1214 391 1303 423 ante
1340 397 1456 436 quam

132 459 294 496 regnare
315 448 444 497 coepit
463 462 470 485 :
502 448 568 498 qui
588 460 707 497 quum
727 460 796 497 per
817 461 951 497 agrum
973 448 1208 487 Leontinum
1222 450 1292 488 iter
1312 450 1456 488 faciens

131 524 274 562 equum
300 512 383 562 ipse
413 513 630 550 demisisset
658 513 697 549 in
725 512 881 559 flumen,
903 515 1125 552 submersus
1155 527 1277 564 equus
1307 516 1456 564 voragi-

131 578 246 615 nibus
275 589 356 615 non
386 578 549 616 exstitit:
588 589 704 627 quern
737 589 857 626 quum
890 579 1059 616 maxima
1093 580 1342 618 contentione
1377 592 1456 618 non

123 632 318 692 ‘potuisset
346 643 555 689 extrahere,
587 644 773 689 discessit,
804 650 845 681 ut
875 644 926 682 ait
956 644 1145 690 Philistus,
1177 657 1289 694 aegre
1319 645 1456 685 ferens.
1475 656 1491 686 5

132 708 267 755 Quum
287 714 418 746 autem
438 708 715 758 aliquantulum
735 721 962 758 progressus
982 715 1094 756 esset,
1117 711 1244 748 subito
1266 711 1456 750 exaudivit

127 773 333 820 hinnitum,
354 775 597 824 respexitque
617 781 654 812 et
673 785 817 824 equum
837 774 1001 812 alacrem
1022 774 1143 813 laetus
1163 776 1325 824 aspexit,
1347 777 1454 815 cuius

128 839 168 876 in
199 839 290 876 iuba
318 851 483 877 examen
511 850 628 888 apum
658 838 895 876 consederat.
953 839 1074 886 Quod
1103 847 1298 878 ostentum
1322 840 1454 879 habuit

126 903 230 942 hanc
250 905 338 949 vim,
359 911 402 941 ut
422 903 632 954 Dionysius
652 904 785 953 paucis
806 911 893 953 post
915 904 1050 942 diebus
1071 917 1233 953 regnare
1252 907 1433 956 coeperit.

184 973 222 1007 2.
253 969 388 1016 Quid?
444 968 765 1007 Lacedaemoniis
799 969 928 1019 paullo
958 976 1046 1007 ante
1077 969 1319 1008 Leuctricam
1353 971 1451 1009 cala-
1476 990 1512 1012 10

128 1035 299 1072 mitatem
329 1047 428 1084 quae
457 1035 685 1084 significatio
716 1035 817 1072 facta
845 1041 912 1080 est,
942 1047 1063 1084 quum
1084 1035 1124 1073 in
1153 1034 1333 1074 Herculis
1362 1035 1452 1074 fano

128 1111 234 1137 arma
255 1107 476 1146 sonuerunt,
499 1100 756 1149 Herculisque
787 1100 1030 1138 simulacrum
1056 1100 1177 1137 multo
1207 1100 1346 1138 sudore
1370 1113 1451 1139 ma-

127 1166 255 1204 navit?
293 1166 345 1203 At
383 1165 524 1204 eodem
562 1172 737 1216 tempore
770 1166 929 1211 Thebis,
962 1172 1003 1203 ut
1035 1166 1086 1203 ait
1117 1165 1381 1212 Callisthenes,
1412 1167 1451 1204 in

127 1230 271 1280 templo
303 1230 484 1269 Herculis
515 1231 644 1269 valvae
683 1231 833 1269 clausae
870 1230 1062 1280 repagulis
1101 1231 1228 1268 subito
1267 1243 1308 1269 se
1342 1231 1448 1281 ipsae

126 1302 367 1345 aperuerunt,
388 1308 582 1346 armaque,
603 1308 701 1345 quae
723 1296 798 1333 fixa
818 1296 857 1333 in
877 1295 1084 1346 parietibus
1105 1295 1265 1341 fuerant,
1286 1308 1332 1333 ea
1360 1302 1448 1333 sunt
1471 1315 1505 1345 ¹5

126 1359 232 1398 humi
266 1361 428 1399 inventa.
487 1361 697 1411 Quumque
726 1360 865 1398 eodem
893 1366 1069 1410 tempore
1102 1360 1205 1410 apud
1237 1360 1449 1399 Lebadiam

127 1426 358 1475 Trophonio
378 1439 438 1464 res
458 1426 584 1464 dixina
604 1427 720 1471 fieret,
741 1426 863 1475 gallos
890 1426 1123 1475 gallinaceos
1143 1426 1182 1462 in
1208 1434 1256 1463 'eo
1275 1425 1364 1464 loco
1393 1427 1449 1466 sic

127 1491 280 1529 assidue
301 1503 439 1529 canere
459 1492 646 1541 coepisse,
666 1498 707 1529 ut
727 1491 818 1528 nihil
838 1491 1152 1529 intermitterent:
1181 1497 1264 1528 tum
1285 1503 1449 1541 augures

127 1556 269 1594 dixisse
285 1555 481 1603 Boeotios,
496 1556 777 1594 Thebanorum
797 1569 881 1594 esse
895 1557 1103 1603 victoriam,
1120 1564 1322 1606 propterea
1342 1556 1449 1607 quod

127 1622 205 1660 avis
233 1622 295 1658 illa
323 1622 422 1660 victa
450 1622 560 1660 silere
589 1622 738 1669 soleret,
769 1634 917 1667 canere,
947 1622 978 1660 si
1006 1622 1167 1660 vicisset.
1223 1622 1448 1671 Eademque
1468 1637 1508 1659 20

126 1693 354 1736 tempestate
382 1687 511 1725 multis
541 1687 658 1735 signis
692 1687 1012 1725 Lacedaemoniis
1042 1687 1266 1724 Leuctricae
1293 1699 1447 1737 pugnae

128 1752 323 1790 calamitas
337 1752 642 1791 denuntiabatur.
699 1752 879 1802 Namque
895 1759 932 1790 et
952 1752 1148 1802 Lysandri,
1167 1752 1232 1801 qui
1253 1751 1448 1790 Lacedae-

127 1818 351 1855 moniorum
372 1817 602 1856 clarissimus
622 1817 754 1863 fuerat,
776 1824 933 1863 statuae,
955 1830 1053 1867 quae
1069 1816 1231 1866 Delphis
1251 1818 1387 1863 stabat,
1407 1817 1447 1854 in

129 1883 252 1932 capite
273 1895 419 1921 corona
448 1883 574 1920 subito
596 1883 737 1921 exstitit
763 1895 811 1920 ex
833 1883 977 1932 asperis
998 1882 1124 1920 herbis
1153 1888 1191 1920 et
1209 1882 1448 1931 agrestibus:

129 1948 337 1997 stellaeque
366 1960 515 1993 aureae,
545 1933 836 1997 quae'Delphis
865 1954 972 1985 erant
991 1960 1014 1985 a
1042 1947 1358 1985 Lacedaemoniis
1377 1960 1447 1997 po·
1468 1960 1506 1991 ²5

130 2014 224 2052 sitae
243 2019 330 2062 post
350 2013 524 2050 navalem
544 2014 647 2049 illam
662 2013 859 2051 victoriam
879 2012 1078 2062 Lysandri,
1100 2025 1176 2062 qua
1191 2012 1449 2051 Athenienses

130 2079 390 2124 conciderunt,
414 2076 507 2129 (qua
526 2078 565 2115 in
585 2090 716 2127 pugna
737 2078 826 2128 quia
846 2077 985 2116 Castor
1003 2084 1041 2115 et
1061 2077 1197 2115 Pollux
1217 2090 1306 2115 cum
1326 2077 1448 2116 Lace-

131 2143 426 2181 daemoniorum
464 2143 585 2181 classe
624 2144 692 2181 visi
731 2155 815 2181 esse
850 2142 1085 2189 dicebantur,
1117 2154 1251 2181 eorum
1284 2143 1448 2192 insignia

131 2208 302 2255 deorum,
334 2208 463 2246 stellae
496 2220 643 2254 aureae,
674 2220 769 2258 quas
798 2208 886 2253 dixi,
916 2207 1077 2257 Delphis
1105 2206 1284 2258 positae,)
1317 2208 1446 2258 paullo

130 2281 220 2312 ante
253 2273 495 2311 Leuctricam
522 2285 694 2322 pugnam
728 2273 951 2310 deciderunt
981 2284 1108 2322 neque
1141 2278 1312 2321 repertae
1346 2279 1444 2310 sunt.
1465 2287 1506 2317 30

131 2337 348 2377 Maximum
367 2349 456 2376 vero
475 2338 566 2376 illud
585 2344 807 2389 portentum
834 2337 971 2376 iisdem
999 2337 1198 2388 Spartiatis
1227 2337 1307 2384 suit,
1328 2337 1446 2389 quod,
