1668 2509
143 113 159 142 1
173 113 224 153 14
472 105 629 137 EXTRA
637 105 719 137 CTS
747 105 884 136 FROM
913 104 1093 135 CICERO.
1309 105 1389 136 Sect.
1404 105 1458 136 111.

141 208 301 258 Capuae
337 206 538 244 Victoria?
587 204 680 254 quid
726 211 832 242 ortus
879 204 1121 253 androgyni?
1166 216 1300 242 nonne
1345 204 1459 242 fatale

139 273 339 323 quoddam
359 279 575 309 monstrum
603 270 698 308 fuit?
738 268 856 315 Quid,
886 281 1008 318 quum
1034 268 1172 306 fluvius
1201 276 1342 307 atratus
1371 282 1459 307 san-

139 339 254 388 guine
283 337 418 374 fluxit?
456 335 558 385 quid,
589 346 710 384 quum
748 345 864 382 saepe
902 333 1085 383 lapidum,
1126 333 1324 382 sanguinis
1360 345 1461 371 non-

139 414 364 452 numquam,
402 408 524 438 terrae
562 399 766 445 interdum,
806 398 1004 447 quondam
1041 398 1156 436 etiarn
1192 398 1302 436 lactis
1338 399 1461 436 imber

141 468 325 506 defluxit?
358 465 461 516 quid,
491 477 612 515 quum
640 465 680 501 in
707 464 899 513 Capitolio
928 464 1026 501 ictus
1055 463 1273 501 Centaurus
1301 476 1323 502 e
1351 464 1461 501 caelo

142 542 210 578 est,
231 534 270 570 in
299 532 493 569 Aventino
517 538 649 580 portae
678 537 715 567 et
743 529 932 575 homines,
955 529 1115 567 Tusculi
1144 529 1259 567 aedes
1289 528 1462 567 Castoris

135 605 178 636 >et
210 597 388 641 Pollucis,
418 595 646 645 Romaeque
685 593 864 632 Pietatis?
911 606 1043 632 nonne
1081 600 1119 631 et
1155 594 1379 643 haruspices
1416 605 1462 630 ea

141 661 435 711 responderunt,
464 672 562 710 quae
592 666 810 706 evenerunt,
841 666 879 697 et
906 660 947 698 in
977 659 1140 710 Sibyllae
1168 659 1272 697 libris
1302 659 1462 697 eaedem

141 735 312 777 repertae
333 725 614 775 praedictiones
634 726 748 763 sunt?

196 797 233 832 7.
265 791 453 830 Caeciliae
467 790 517 837 Q.
538 791 636 828 filiae
656 791 808 829 somnio
827 791 946 829 modo
967 791 1135 829 Marsico
1155 791 1256 829 bello
1276 791 1464 841 templum

143 865 200 896 est
219 870 242 895 a
262 866 397 895 senatu
417 856 559 894 Iunoni
580 855 755 905 Sospitae
775 857 999 893 restitutum.
1049 855 1168 902 Quod
1187 856 1344 906 quidem
1360 869 1463 895 som-

143 924 249 960 nium
282 922 446 959 Sisenna
475 933 595 971 quum
630 921 898 970 disputavisset
926 921 1084 958 mirifice
1113 921 1163 958 ad
1190 922 1349 958 verbum
1375 934 1462 959 cum

143 1000 184 1026 re
213 987 450 1032 convenisse,
481 994 611 1024 tamen
640 986 859 1031 insolenter,
893 987 1009 1024 credo
1043 987 1091 1024 ab
1117 986 1309 1036 Epicureo
1335 987 1463 1036 aliquo

143 1053 336 1098 inductus,
357 1052 525 1101 disputat
546 1051 706 1089 somniis
728 1051 830 1089 credi
856 1063 937 1089 non
957 1058 1146 1101 oportere.
1202 1051 1313 1089 Idem
1332 1060 1466 1089 contra

145 1125 297 1156 ostenta
316 1116 409 1153 nihil
430 1116 599 1165 disputat
619 1117 855 1166 exponitque
884 1117 992 1154 initio
1023 1117 1110 1154 belli
1132 1115 1289 1154 Marsici
1314 1122 1352 1154 et
1372 1116 1465 1154 deo-

144 1195 230 1221 rum
250 1182 452 1220 simulacra
471 1182 679 1228 sudavisse,
694 1188 731 1219 et
751 1183 979 1231 sanguinem
999 1182 1166 1228 fluxisse,
1187 1190 1224 1219 et
1243 1182 1466 1219 discessisse

147 1249 306 1294 caelum,
328 1253 365 1285 et
384 1259 432 1284 ex
452 1247 604 1285 occulto
633 1247 780 1285 auditas
806 1259 891 1284 esse
917 1259 1044 1293 voces,
1065 1259 1165 1296 quae
1191 1247 1358 1296 pericula
1377 1247 1466 1284 belli

147 1314 375 1358 nuntiarent,
390 1319 427 1349 et
442 1311 602 1349 Lanuvii
619 1312 788 1361 clypeos,
805 1312 912 1361 quod
928 1311 1193 1361 haruspicibus
1209 1311 1466 1349 tristissimum

147 1381 271 1418 visum
290 1385 401 1424 esset,
422 1391 445 1416 a
463 1379 635 1416 muribus
655 1390 739 1415 esse
760 1378 930 1416 derosos.

203 1450 242 1484 8.
272 1444 389 1491 Quid,
431 1443 537 1493 quod
583 1444 622 1480 in
665 1443 866 1481 annalibus
912 1443 1112 1489 habemus,
1154 1443 1306 1481 Veienti
1353 1443 1468 1488 bello,

149 1523 267 1562 quum
300 1511 404 1547 lacus
436 1509 612 1546 Albanus
650 1515 799 1557 praeter
837 1509 999 1546 modum
1038 1509 1228 1554 crevisset,
1263 1508 1469 1546 Veientem

149 1576 357 1627 quemdam
395 1574 444 1612 ad
482 1585 554 1611 nos
594 1573 795 1611 hominem
834 1574 1003 1611 nobilem
1033 1574 1263 1623 profugisse,
1303 1586 1469 1623 eumque

150 1643 303 1688 dixisse,
325 1653 373 1678 ex
399 1640 485 1677 fatis
516 1651 614 1689 quae
642 1638 824 1677 Veientes
855 1640 995 1689 scripta
1022 1640 1206 1677 haberent
1235 1639 1354 1677 Veios
1384 1639 1469 1688 capi

150 1720 231 1746 non
264 1718 392 1756 posse,
423 1706 515 1743 dum
542 1705 648 1742 lacus
677 1705 709 1741 is
741 1704 994 1742 redundaret:
1033 1712 1080 1750 et,
1110 1705 1141 1742 si
1172 1705 1278 1742 lacus
1307 1705 1468 1742 emissus

150 1776 260 1824 lapsu
279 1780 315 1810 et
342 1783 455 1809 cursu
475 1782 545 1808 suo
574 1769 624 1806 ad
643 1781 747 1806 mare
768 1770 1022 1819 profluxisset,
1043 1770 1303 1819 perniciosum
1321 1769 1468 1819 populo

152 1840 336 1878 Romano
348 1850 359 1884 ;
389 1837 448 1873 sin
468 1843 596 1872 autem
616 1835 668 1871 ita
687 1841 788 1872 esset
808 1835 979 1881 eductus,
999 1842 1042 1872 ut
1066 1835 1116 1872 ad
1144 1847 1248 1872 mare
1274 1835 1470 1884 pervenire

153 1916 235 1942 non
263 1908 405 1952 posset,
426 1907 509 1937 tum
540 1899 703 1937 salutare
732 1899 872 1936 nostris
892 1899 999 1937 fore?
1027 1899 1088 1936 Ex
1111 1911 1188 1948 quo
1217 1899 1279 1937 illa
1307 1899 1470 1936 admira-

151 1969 236 2007 bilis
256 1980 278 2005 a
297 1965 506 2003 maioribus
526 1964 702 2000 Albanae
723 1976 845 2013 aquae
873 1964 974 2002 facta
1003 1965 1182 2002 deductio
1211 1971 1279 2002 est.
1337 1963 1470 2010 Quum

153 2041 282 2073 autem
314 2031 497 2068 Veientes
530 2028 632 2066 bello
665 2028 755 2066 fessi
789 2029 936 2077 legatos
970 2030 1020 2067 ad
1058 2037 1234 2067 senatum
1266 2030 1469 2076 misissent,

152 2109 235 2138 tum
263 2110 312 2136 ex
340 2095 400 2133 his
428 2094 585 2144 quidam
615 2093 757 2130 dixisse
783 2094 929 2140 dicitur,
949 2106 1031 2132 non
1059 2096 1190 2132 omnia
1218 2095 1323 2132 illum
1351 2102 1470 2132 trans-

153 2166 286 2215 fugam
323 2172 460 2199 ausum
493 2171 577 2196 esse
617 2158 766 2195 senatui
796 2158 945 2196 dicere:
993 2159 1033 2196 in
1070 2160 1208 2197 iisdem
1244 2161 1348 2197 enim
1385 2159 1470 2197 fatis

155 2231 339 2279 scriptum
370 2225 553 2262 Veientes
586 2223 739 2268 habere,
773 2222 894 2260 ‘Fore
927 2230 970 2260 ut
998 2225 1102 2261 brevi
1133 2236 1156 2261 a
1189 2223 1308 2262 Gallis
1343 2223 1471 2261 Roma

155 2291 382 2345 caperetur:'
414 2288 520 2340 quod
553 2288 709 2338 quidem
741 2288 926 2326 sexennio
956 2296 1045 2339 post
1074 2288 1192 2327 Veios
1223 2295 1357 2338 captos
1385 2301 1470 2326 esse

156 2361 299 2399 factum
318 2360 502 2397 videmus.

1484 415 1540 446 ¹45

1489 1380 1549 1413 160

1492 1706 1550 1747 165

1494 2047 1553 2077 ¹70
