1668 2509
138 88 155 117 Ι
165 84 187 129 7
193 76 219 115 6
487 85 549 114 EX
554 83 642 114 TRA
651 84 732 115 CTS
760 85 821 115 FR
827 85 897 115 OM
924 85 1100 117 CICERO.
1303 87 1381 117 Sect.
1398 86 1453 117 IV.

133 184 359 222 iudicantur.
417 183 654 233 Nariumque
680 184 772 220 item
797 190 834 221 et
859 184 1036 232 gustandi
1056 184 1197 233 pariter
1214 190 1252 222 et
1271 184 1452 234 tangendi

133 261 276 298 magna
305 248 442 286 iudicia
472 254 569 285 sunt.
640 248 704 285 Ad
741 260 840 297 quos
878 260 1014 286 sensus
1051 249 1262 298 capiendos
1295 255 1332 287 et
1367 262 1452 299 per-

134 314 316 352 fruendos
361 313 488 363 plures
527 313 639 350 etiam
678 325 795 362 quam
832 313 967 350 vellem
1005 320 1104 350 artes
1142 320 1312 362 repertae
1351 325 1448 352 sunt.

133 380 382 430 Perspicuum
428 385 484 416 est
529 379 631 415 enim
679 390 757 428 quo
805 379 1105 428 compositiones
1151 387 1448 429 unguentorum,
1466 389 1527 430 365

132 457 210 494 quo
244 445 417 482 ciborum
449 444 703 489 conditiones,
729 455 806 493 quo
838 455 1046 493 corporum
1074 444 1265 482 lenocinia
1293 457 1450 494 proces-

132 511 257 548 serint.

184 580 248 613 15.
278 575 361 612 Iam
391 587 481 612 vero
511 575 683 611 animum
713 575 840 624 ipsum
869 581 1115 624 mentemque
1139 575 1319 622 hominis,
1338 576 1452 614 ratio-

115 653 231 686 nem,
262 640 473 686 consilium,
503 639 746 688 prudentiam
780 639 844 688 qui
877 652 959 677 non
996 640 1122 677 divina
1160 653 1249 678 cura
1283 641 1450 690 perfecta

130 719 215 744 esse
235 706 426 756 perspicit,
448 705 479 742 is
500 705 558 743 his
579 705 671 754 ipsis
691 705 804 742 rebus
824 704 917 741 mihi
937 705 1086 743 videtur
1106 718 1244 744 carere.
1293 705 1450 752 Quanta
1466 720 1529 752 370

129 773 296 821 primurn
319 770 578 819 intelligentia,
601 770 739 807 deinde
765 771 1083 819 consequentium
1111 783 1237 808 rerum
1264 783 1353 809 curn
1375 773 1450 821 pri-

129 838 201 874 mis
223 836 443 874 coniunctio
461 842 498 872 et
514 835 810 884 comprehensio
827 842 884 872 est
903 835 942 872 in
962 836 1086 881 nobis,
1101 848 1147 873 ex
1168 848 1246 885 quo
1265 837 1448 883 videlicet,

129 903 220 953 quid
249 914 296 940 ex
326 902 540 950 quibusque
569 902 681 938 rebus
711 900 903 946 efficiatur,
925 900 1040 950 idque
1068 901 1226 948 ratione,
1253 902 1448 940 concludi-

132 979 240 1005 mus:
271 967 516 1015 singulasque
544 978 604 1003 res
637 965 840 1002 definimus
867 965 1226 1015 circumscripteque
1255 966 1447 1015 complec-

127 1035 261 1080 timur;
292 1045 339 1070 ex
370 1045 448 1081 quo
479 1032 637 1069 scientia
666 1030 883 1079 intelligitur
910 1042 1025 1079 quam
1054 1031 1130 1067 vim
1156 1031 1305 1076 habeat,
1327 1032 1448 1082 qualis
1464 1044 1526 1076 375

129 1100 185 1144 sit,
208 1111 284 1148 qua
304 1110 352 1135 ne
373 1098 412 1134 in
433 1098 506 1135 deo
536 1097 693 1146 quidem
720 1103 776 1133 est
797 1108 856 1133 res
878 1095 953 1132 ulla
972 1097 1234 1145 praestantior.
1293 1096 1449 1143 Quanta

128 1176 217 1202 vero
237 1164 298 1200 illa
319 1170 417 1208 sunt,
440 1162 546 1211 quod
566 1168 602 1198 et
623 1162 798 1199 sensibus
819 1167 856 1198 et
875 1161 1005 1197 animo
1026 1173 1082 1206 ea,
1104 1173 1202 1211 quae
1223 1168 1329 1199 extra
1349 1170 1447 1208 sunt,

127 1230 356 1279 percipimus
378 1235 490 1277 atque
513 1227 895 1276 comprehendimus!
943 1226 1003 1263 Ex
1024 1227 1160 1276 quibus
1187 1227 1332 1265 collatis
1352 1227 1448 1265 inter

127 1308 167 1333 se
201 1301 236 1332 et
271 1293 501 1342 comparatis
535 1299 633 1330 artes
667 1304 822 1341 quoque
857 1291 1054 1336 efficimus,
1085 1292 1223 1341 partim
1256 1293 1305 1329 ad
1333 1305 1445 1330 usum

126 1361 233 1405 vitae,
255 1360 393 1409 partim
414 1359 462 1396 ad
483 1359 778 1396 oblectationem
798 1358 1041 1395 necessarias.
1081 1357 1164 1394 Iam
1180 1370 1268 1395 vero
1289 1358 1446 1396 domina
1462 1369 1526 1407 380

125 1437 263 1470 rerum,
293 1431 335 1461 ut
367 1436 436 1461 vos
464 1424 591 1461 soletis
622 1423 758 1468 dicere,
780 1422 987 1470 eloquendi
1016 1422 1082 1468 vis,
1105 1435 1220 1472 quarn
1251 1429 1308 1460 est
1337 1435 1445 1472 prae-

125 1491 235 1535 clara,
266 1501 459 1538 quamque
490 1488 636 1525 divina!
673 1499 770 1536 quae
799 1487 966 1536 primum
994 1487 1117 1533 efficit,
1138 1493 1179 1524 ut
1208 1494 1245 1525 et
1272 1500 1318 1525 ea
1347 1500 1445 1538 quae

124 1556 346 1604 ignoramus
368 1554 525 1598 discere,
546 1560 582 1590 et
602 1565 648 1589 ea
668 1564 766 1601 quae
796 1553 938 1590 scimus
962 1552 1056 1590 alios
1079 1552 1218 1589 docere
1239 1553 1442 1602 possimus.

122 1620 275 1657 Deinde
305 1619 375 1656 hac
405 1619 661 1663 cohortamur,
682 1617 753 1655 hac
780 1618 1070 1667 persuademus,
1100 1617 1172 1656 hac
1201 1619 1444 1656 consolamur

123 1686 295 1730 afflictos,
317 1684 387 1721 hac
417 1684 643 1721 deducimus
672 1683 889 1733 perterritos
919 1694 941 1719 a
969 1683 1117 1728 timore,
1137 1683 1210 1721 hac
1237 1684 1442 1732 gestientes
1459 1691 1520 1732 385

123 1751 425 1800 comprimimus,
460 1749 532 1786 hac
567 1748 792 1797 cupiditates
821 1747 1112 1796 iracundiasque
1145 1749 1441 1798 restinguimus;

123 1816 219 1852 haec
246 1827 319 1852 nos
348 1815 450 1859 iuris,
472 1814 613 1862 legum,
633 1813 785 1850 urbium
813 1812 992 1850 societate
1013 1812 1190 1857 devinxit,
1211 1813 1306 1851 haec
1327 1826 1350 1851 a
1369 1814 1444 1852 vita

122 1880 281 1918 immani
303 1886 339 1916 et
361 1878 438 1915 fera
459 1878 679 1927 segregavit.
738 1877 802 1914 Ad
821 1889 935 1914 usum
959 1883 1087 1914 autem
1105 1877 1300 1922 orationis,
1320 1878 1444 1916 incre·

123 1945 235 1982 dibile
264 1950 331 1989 est,
352 1944 417 1980 ubi
448 1943 646 1992 diligenter
673 1941 889 1986 attenderis,
910 1948 1052 1990 quanta
1079 1953 1196 1990 opera
1223 1942 1441 1981 machinata

121 2016 256 2047 natura
275 2010 332 2046 sit.
389 2008 560 2045 Primum
582 2007 685 2043 enirn
705 2018 727 2043 a
746 2006 992 2055 pulmonibus
1013 2007 1148 2044 arteria
1167 2019 1288 2056 usque
1317 2008 1365 2045 ad
1393 2020 1439 2047 os
1456 2022 1519 2054 390

120 2076 298 2113 intimum
318 2074 490 2123 pertinet,
512 2086 580 2122 per
600 2085 715 2122 quam
735 2085 821 2117 vox,
842 2072 1071 2121 principium
1091 2084 1114 2109 a
1133 2080 1262 2110 mente
1283 2073 1437 2119 ducens,

121 2140 326 2190 percipitur
346 2146 383 2176 et
406 2139 586 2176 funditur.
644 2138 796 2175 Deinde
823 2138 864 2175 in
893 2149 959 2175 ore
989 2137 1059 2174 sita
1086 2138 1216 2186 lingua
1245 2144 1312 2183 est,
1333 2138 1438 2176 finita

121 2206 310 2243 dentibus.
346 2203 404 2241 Ea
419 2216 556 2240 vocem
572 2203 823 2240 immoderate
842 2201 1039 2251 profusam
1056 2202 1163 2251 fingit
1183 2208 1219 2240 et
1239 2203 1435 2241 terminat:

121 2277 235 2319 atque
265 2281 383 2307 sonos
412 2269 517 2306 vocis
547 2269 744 2306 distinctos
773 2274 810 2304 et
837 2278 992 2316 pressos
1022 2267 1145 2311 efficit,
1175 2279 1293 2315 quum
1322 2274 1359 2304 et
1387 2267 1436 2305 ad

119 2336 254 2374 dentes
283 2341 320 2373 et
348 2335 398 2373 ad
426 2334 518 2372 alias
546 2340 673 2384 partes
702 2333 806 2383 pellit
825 2333 910 2371 oris.
967 2333 1102 2382 Itaque
1122 2332 1253 2382 plectri
1273 2332 1434 2370 similem
1451 2344 1514 2377 395
