1668 2509
139 70 217 104 sect.
241 71 301 103 111.
596 60 791 102 SCIPIO'S
820 69 997 102 DREAM.
1376 73 1451 118 137

140 168 224 219 ipsa
242 169 357 208 virtus
376 169 499 208 trahat
525 169 574 208 ad
593 182 724 208 verum
744 170 884 216 decus;
914 169 1006 219 quid
1026 169 1074 207 de
1092 175 1130 207 te
1156 169 1216 208 alii
1235 169 1454 220 loquantur,

59 247 120 278 ²¹5
140 235 212 285 ipsi
245 235 420 281 videant;
459 235 527 272 sed
556 235 758 284 loquentur
786 241 925 272 tamen.
997 233 1131 273 Sermo
1162 241 1291 272 autem
1326 236 1454 273 omnis

140 299 201 337 ille
229 306 266 338 et
294 301 478 350 angustiis
507 300 671 349 cingitur
699 300 744 338 iis
771 299 984 348 regionum,
1007 311 1103 348 quas
1131 299 1249 344 vides,
1270 311 1342 337 nec
1367 311 1452 337 urn-

140 376 257 414 quam
287 365 334 402 de
362 365 439 403 ullo
464 366 647 415 perennis
674 365 750 409 fuit,
772 371 809 402 et
828 365 1000 402 obruitur
1026 364 1227 402 hominum
1247 364 1397 402 interitu
1418 372 1455 402 et

139 429 332 467 oblivione
352 430 581 480 posteritatis
601 429 875 479 exstinguitur!

193 499 256 533 14.
287 495 398 542 Quae
418 507 537 545 quum
558 495 726 541 dixisset,
744 500 752 514 ⁸
766 494 853 544 Ego
873 494 987 538 vero‚'
1000 495 1170 544 inquam,
1192 497 1202 515 ‘
1216 507 1240 533 o
1260 494 1452 541 Africane,

60 579 124 602 220
140 561 171 599 si
191 561 347 610 quidem
367 562 466 598 bene
485 561 629 598 meritis
650 561 697 598 de
717 561 839 610 patria
859 561 967 610 quasi
987 560 1096 598 limes
1123 561 1173 598 ad
1193 561 1287 598 caeli
1307 562 1452 599 aditum

139 632 254 675 patet,
285 638 531 676 quamquam,
565 638 588 663 a
619 626 781 676 pueritia
814 626 983 675 vestigiis
1020 626 1215 675 ingressus
1248 627 1379 675 patriis
1417 632 1454 664 et

138 691 224 736 tuis,
254 690 384 728 decori
412 698 537 728 vestro
572 703 653 728 non
691 691 804 737 defui,
834 703 938 728 nune
971 697 1112 737 tamen,
1143 698 1250 729 tanto
1280 691 1451 741 praemio

138 756 351 805 proposito,
372 756 493 793 enitar
507 755 628 792 multo
643 756 882 805 vigilantius!
921 755 971 793 Et
986 756 1070 794 ille:
1099 759 1108 776 ‘
1123 756 1187 793 Tu
1206 768 1296 794 vero
1313 757 1452 794 enitere

137 827 177 858 et
206 822 260 859 sic
288 821 440 866 habeto,
461 832 542 858 non
573 833 657 858 esse
685 828 722 858 te
752 820 965 867 mortalem,
987 821 1056 859 sed
1084 833 1224 870 corpus
1253 821 1351 859 hoc:
1380 833 1451 859 nec

58 904 119 937 ²25
138 887 241 924 enim
270 892 311 924 tu
339 898 392 932 es,
413 898 531 936 quem
559 885 684 923 forma
711 886 783 923 ista
816 886 1004 933 deelarat;
1034 887 1103 924 sed
1131 899 1241 925 mens
1269 888 1452 937 cuiusque

137 951 169 989 is
188 958 246 990 est
265 952 438 1002 quisque,
459 963 538 989 non
560 963 606 988 ea
624 951 755 1000 figura,
777 963 875 1000 quae
896 951 1016 1000 digito
1039 951 1293 989 demonstrari
1313 959 1451 1001 potest.

137 1015 267 1054 Deum
294 1023 332 1054 te
360 1016 474 1065 igitur
503 1016 600 1053 scito
629 1027 735 1054 esse:
774 1016 805 1053 si
835 1015 991 1065 quidem
1021 1016 1116 1053 deus
1145 1022 1213 1062 est,
1243 1016 1308 1066 qui
1336 1017 1449 1067 viget,

137 1082 203 1131 qui
241 1082 364 1127 sentit,
402 1082 468 1131 qui
506 1081 689 1127 meminit,
728 1081 793 1130 qui
831 1081 1017 1130 providet,
1057 1081 1121 1131 qui
1163 1088 1241 1119 tam
1278 1082 1375 1131 regit
1412 1090 1451 1120 et

137 1146 356 1184 moderatur
384 1153 421 1184 et
449 1153 578 1184 movet
606 1146 645 1184 id
679 1158 832 1195 corpus,
863 1147 924 1184 cui
956 1147 1198 1196 praepositus
1237 1153 1304 1192 est,
1335 1159 1451 1197 quam

59 1195 122 1259 232>
137 1211 240 1249 hunc
268 1211 457 1249 mundum
485 1211 546 1249 ille
575 1211 755 1260 princeps
785 1211 899 1249 deus:
933 1218 970 1249 et
997 1218 1039 1249 ut
1066 1211 1255 1249 mundum
1282 1224 1329 1249 ex
1359 1224 1452 1261 qua-

138 1276 228 1315 dam
257 1283 362 1326 parte
390 1276 592 1314 mortalem
621 1277 702 1325 ipse
731 1276 825 1314 deus
853 1283 1043 1322 aeternus,
1064 1276 1118 1314 sic
1146 1276 1279 1326 fragile
1307 1288 1450 1326 corpus

137 1341 287 1379 animus
316 1342 570 1391 sempiternus
598 1348 737 1378 movet.

191 1411 256 1445 15.
285 1406 389 1444 Nam
427 1406 533 1456 quod
571 1418 724 1455 semper
760 1413 944 1453 movetur,
983 1413 1181 1445 aeternum
1218 1414 1296 1454 est;
1345 1407 1449 1457 quod

138 1477 266 1509 autem
286 1479 434 1509 motum
454 1471 562 1509 affert
590 1471 712 1517 alicui,
734 1472 916 1521 quodque
943 1472 1069 1521 ipsum
1098 1473 1261 1521 agitatur
1286 1471 1447 1517 aliunde,

59 1552 119 1584 235
139 1536 295 1586 quando
325 1536 441 1574 finem
469 1536 585 1574 habet
616 1543 755 1582 motus,
786 1536 936 1573 vivendi
969 1537 1086 1574 finem
1118 1537 1257 1575 habeat
1291 1548 1451 1574 necesse

139 1608 208 1640 est.
276 1601 410 1639 Solum
446 1601 559 1650 igitur
590 1601 697 1650 quod
729 1613 814 1639 sese
846 1608 985 1646 movet,
1016 1602 1106 1651 quia
1137 1614 1350 1651 numquam
1385 1602 1451 1639 de·

140 1667 274 1705 seritur
303 1679 326 1704 a
359 1678 411 1712 se,
441 1679 654 1717 numquam
686 1678 735 1704 ne
768 1667 913 1704 moveri
945 1667 1102 1715 quidem
1131 1667 1279 1704 desinit.
1345 1665 1451 1713 Quin

139 1732 253 1770 etiam
291 1732 436 1777 ceteris,
475 1744 574 1782 quae
609 1738 822 1777 moventur,
861 1731 922 1769 hic
969 1731 1068 1777 fons,
1106 1731 1182 1769 hoc
1219 1732 1449 1781 principium

139 1803 198 1834 est
230 1797 422 1835 movendi.
493 1797 686 1846 Principio
720 1803 848 1834 autem
882 1796 984 1834 nulla
1015 1803 1072 1834 est
1103 1797 1234 1845 origo:
1275 1808 1366 1834 nam
1401 1808 1449 1833 ex

59 1871 122 1902 240
139 1861 326 1911 principio
358 1861 529 1899 oriuntur
561 1861 712 1899 omnia:
752 1862 879 1910 ipsum
912 1849 1040 1899 autem
1073 1861 1176 1898 nulla
1213 1873 1260 1899 ex
1298 1873 1338 1898 re
1378 1861 1452 1898 alia

139 1926 245 1963 nasci
277 1932 426 1975 potest:
468 1939 540 1964 nee
568 1928 671 1963 enim
699 1926 738 1964 id
767 1933 866 1964 esset
903 1927 1146 1975 principium,
1176 1926 1282 1976 quod
1315 1927 1449 1975 gigne-

138 1998 240 2029 retur
276 1992 450 2029 aliunde:
497 1991 602 2042 quod
639 1992 670 2029 si
706 2003 918 2040 numquam
951 1991 1078 2037 oritur,
1108 2004 1157 2029 ne
1197 1992 1335 2029 occidit
1368 1992 1452 2039 qui-

139 2056 229 2094 dem
266 2068 462 2106 umquam.
534 2056 638 2094 Nam
674 2056 906 2105 principium
944 2057 1174 2093 exstinctum
1212 2068 1284 2093 nec
1321 2057 1450 2104 ipsum

139 2122 189 2159 ab
231 2120 306 2158 alio
351 2128 580 2167 renascetur,
618 2133 690 2158 nee
727 2133 775 2158 ex
820 2133 860 2158 se
907 2121 1009 2159 aliud
1047 2122 1208 2159 creabit:
1259 2120 1448 2169 siquidem

61 2201 119 2234 245
139 2197 297 2224 necesse
334 2192 391 2224 est
428 2198 451 2223 a
472 2187 682 2236 'principio
720 2186 808 2223 oriri
841 2186 983 2223 omnia.
1058 2186 1117 2223 Ita
1154 2186 1205 2231 fit,
1244 2193 1285 2222 ut
1322 2190 1449 2221 motus

138 2251 367 2301 principium
395 2263 442 2289 ex
469 2263 517 2289 eo
546 2251 603 2295 sit,
632 2250 738 2301 quod
765 2251 892 2300 ipsum
921 2263 943 2288 a
971 2263 1012 2288 se
1040 2257 1234 2288 movetur:
1264 2249 1302 2286 id
1322 2255 1449 2285 autem

139 2328 214 2355 nec
249 2316 356 2354 nasci
397 2322 523 2367 potest
563 2328 636 2354 nec
673 2316 793 2354 mori:
839 2316 899 2353 vel
935 2316 1112 2354 concidat
1149 2326 1265 2352 omne
1303 2312 1451 2349 eaelum

810 2391 836 2419 1.
