1668 2509
201 97 272 125 122
533 95 776 125 EXTRACTS
804 95 941 125 FROM
969 95 1149 126 CICERO.
1357 96 1435 127 Sect.
1457 97 1511 127 111.

192 193 336 231 labellis
357 194 636 240 consedissent,
656 207 886 243 responsum
906 202 963 231 est
989 194 1171 243 singulari
1191 193 1296 231 illurn
1325 195 1509 232 suavitate
1550 188 1552 190 ¹

190 259 374 296 orationis
395 259 488 296 fore.
545 259 605 296 Ita
634 259 759 296 sutura
785 259 1003 308 eloquentia
1023 259 1177 308 provisa
1205 260 1244 295 in
1274 259 1418 296 infante
1438 268 1507 296 est.

189 323 324 369 Quid?
354 335 503 361 amores
538 336 583 362 ac
619 325 776 362 deliciae
807 331 892 361 tuae
922 324 1088 361 Roscius
1118 336 1211 360 num
1238 331 1303 361 aut
1331 325 1412 373 ipse
1443 330 1507 362 aut

188 401 257 436 pro
287 400 334 425 eo
366 388 581 426 Lanuvium
608 396 732 426 toturn
758 390 1040 426 mentiebatur?
1096 388 1175 434 Qui
1205 401 1324 438 quum
1347 397 1447 426 esset
1466 390 1504 426 in

186 453 388 490 cunabulis
422 454 722 502 educareturque
756 454 796 491 in
836 453 1008 500 Solonio,
1038 454 1103 502 qui
1138 460 1196 490 est
1234 466 1394 503 campus
1425 455 1505 503 agri
1527 466 1566 498 70

186 519 385 563 Lanuvini,
407 527 526 556 noctu
553 520 696 556 lumine
716 519 895 568 apposito
923 526 1145 569 experrecta
1171 521 1299 556 nutrix
1330 520 1502 557 animad-

141 622 145 624 ,
186 585 292 621 vertit
311 596 473 633 puerum
489 584 743 621 dormientem
759 583 1083 633 circumplicatum
1105 585 1292 633 serpentis
1313 585 1503 633 amplexu.

187 648 277 694 Quo
306 656 462 698 aspectu
491 650 667 686 exterrita
686 649 894 686 clamorem
915 650 1073 696 sustulit,
1095 657 1202 698 pater
1223 657 1350 686 autem
1371 648 1504 687 Roscii

185 714 232 751 ad
251 713 472 763 haruspices
493 714 641 751 retulit:
671 715 735 763 qui
755 715 1048 763 responderunt,
1070 715 1161 751 nihil
1192 715 1255 751 illo
1277 726 1397 763 puero
1429 715 1503 752 cla-

184 777 270 821 rius,
292 776 382 813 nihil
406 777 570 813 nobilius
600 777 692 814 sore.
750 777 879 825 Atque
899 777 997 814 hanc
1018 778 1186 826 speciem
1207 776 1389 814 Pasiteles
1418 788 1502 813 cae·
1524 793 1561 825 75

183 841 269 878 lavit
290 849 449 890 argento
467 849 502 879 et
523 850 653 880 noster
673 843 859 891 expressit
878 842 1041 880 Archias
1061 843 1245 879 versibus.

237 911 274 944 5.
306 906 546 944 Obiiciuntur
579 908 693 944 etiam
728 919 842 956 saepe
877 907 1034 952 formae,
1069 919 1167 956 quae
1205 919 1342 956 reapse
1376 907 1502 944 nullae

182 979 280 1017 sunt,
321 973 489 1021 speciem
535 981 662 1010 autem
702 973 878 1010 offerunt.
939 972 1059 1018 Quod
1097 973 1304 1021 contigisse
1344 971 1499 1009 Brenno

182 1038 318 1074 dicitur
337 1038 495 1086 eiusque
517 1037 673 1075 Gallicis
692 1039 824 1086 copiis,
845 1050 964 1086 quurn
991 1038 1082 1075 sano
1102 1038 1292 1086 Apollinis
1322 1037 1500 1087 Delphici

181 1102 366 1139 nefarium
397 1104 537 1140 bellum
571 1104 767 1141 intulisset.
825 1103 930 1140 Turn
960 1104 1064 1140 enim
1095 1103 1219 1140 ferunt
1258 1116 1306 1140 ex
1343 1103 1498 1141 oraculo
1517 1110 1560 1142 80

181 1167 335 1204 effatam
356 1180 440 1205 esse
460 1167 657 1217 Pythiam:

416 1253 490 1295 Ego
513 1254 693 1296 providebo
716 1265 784 1285 rem
807 1255 903 1285 istam
927 1260 959 1285 et
982 1254 1076 1286 albae
1099 1254 1249 1295 virgines.

181 1337 236 1373 Ex
259 1350 335 1386 quo
357 1338 510 1384 facturn,
531 1346 572 1376 ut
601 1346 638 1376 et
664 1339 879 1376 viderentur
902 1339 1065 1387 virgines
1092 1339 1188 1376 ferre
1219 1351 1324 1376 arma
1353 1348 1498 1386 contra,

143 1452 147 1455 ὓ
182 1410 217 1439 et
238 1403 322 1440 nive
345 1402 544 1441 Gallorum
565 1405 788 1442 obrueretur
813 1404 1012 1441 exercitus.

699 1631 731 1670 C
746 1631 785 1668 H
800 1632 833 1667 A
849 1631 889 1668 P.
930 1630 977 1668 V.

227 1769 258 1802 1.
288 1765 347 1802 Ex
367 1772 403 1803 te
423 1765 507 1814 ipso
528 1778 609 1803 non
631 1767 931 1804 commentitiam
952 1779 1044 1812 rem,
1067 1767 1134 1804 sed
1154 1766 1304 1810 factam,
1319 1765 1489 1804 eiusdem

171 1831 321 1879 generis
337 1831 461 1867 audivi
478 1843 485 1868 ε
516 1830 559 1868 C.
581 1831 802 1880 Coponium
818 1832 867 1868 ad
886 1839 922 1869 te
941 1832 1088 1869 venisse
1104 1831 1353 1880 Dyrrhachio,
1370 1843 1488 1881 quum

173 1896 365 1943 praetorio
387 1896 549 1944 imperio
577 1896 688 1933 classi
716 1896 894 1933 Rhodiae
920 1904 1124 1945 praeesset,
1145 1909 1233 1933 curn
1259 1896 1392 1945 primis
1418 1896 1487 1933 ho-

171 1960 315 1996 minem
336 1961 565 2008 prudentem
586 1968 698 2009 atque
720 1961 877 1998 doctum
896 1972 904 1996 :
934 1973 1100 2009 eumque
1128 1962 1279 2006 dixisse,
1300 1961 1486 2009 remigem

169 2025 376 2073 quemdam
391 2037 412 2061 e
427 2025 691 2074 quinqueremi
708 2025 949 2062 Rhodiorum
964 2025 1485 2070 vaticinatum‚madefactum
1504 2035 1522 2066 5

168 2090 211 2125 iri
230 2089 356 2126 minus
377 2102 451 2126 xxx
472 2090 605 2127 diebus
623 2089 824 2127 Graeciam
846 2090 1054 2137 sanguine;
1085 2092 1237 2140 rapinas
1257 2089 1484 2138 Dyrrhachii

167 2161 204 2191 et
234 2155 556 2192 conscensionem
583 2155 623 2192 in
649 2167 765 2191 naves
793 2166 880 2190 cum
899 2154 1002 2203 fuga,
1033 2155 1341 2204 fugientibusque
1369 2155 1482 2191 mise-

167 2220 326 2256 rabilem
353 2227 571 2268 respectum
600 2219 866 2255 incendiorum
896 2218 988 2264 fore,
1010 2220 1077 2256 sed
1104 2220 1346 2258 Rhodiorum
1371 2219 1481 2257 classi

166 2285 426 2333 propinquum
455 2284 617 2321 reditum
649 2296 693 2321 ac
728 2284 885 2320 domum
917 2284 1075 2321 itionem
1105 2286 1206 2322 dari:
1245 2291 1326 2321 tum
1356 2296 1480 2334 neque

170 2360 204 2386 te
239 2350 365 2398 ipsum
399 2361 479 2386 non
511 2361 595 2386 esse
625 2355 877 2391 commotum,
899 2347 1153 2400 Marcumque
1190 2350 1406 2387 Varronem
1443 2356 1481 2387 et
1502 2363 1540 2383 10
