<?xml version="1.0" encoding="UTF-8"?>
<!DOCTYPE html PUBLIC "-//W3C//DTD XHTML 1.0 Transitional//EN"
    "http://www.w3.org/TR/xhtml1/DTD/xhtml1-transitional.dtd">
<html xmlns="http://www.w3.org/1999/xhtml" xml:lang="en" lang="en">
 <head>
  <title>
</title>
<meta http-equiv="Content-Type" content="text/html;charset=utf-8" />
  <meta name='ocr-system' content='tesseract 3.04.00' />
  <meta name='ocr-capabilities' content='ocr_page ocr_carea ocr_par ocr_line ocrx_word'/>
</head>
<body>
  <div class='ocr_page' id='page_1' title='image "./extractsfromcice02ciceuoft_0025.png"; bbox 0 0 1668 2509; ppageno 0'>
   <div class='ocr_carea' id='block_1_1' title="bbox 140 60 1456 103">
    <p class='ocr_par' dir='ltr' id='par_1_1' title="bbox 140 60 1456 103">
     <span class='ocr_line' id='line_1_1' title="bbox 140 60 1456 103; baseline -0.003 -7"><span class='ocrx_word' id='word_1_1' title='bbox 140 63 237 103; x_wconf 76' lang='lat' dir='ltr'>Chap.</span> <span class='ocrx_word' id='word_1_2' title='bbox 261 61 314 94; x_wconf 75' lang='lat' dir='ltr'>tv.</span> <span class='ocrx_word' id='word_1_3' title='bbox 547 60 703 91; x_wconf 83' lang='lat' dir='ltr'><em>OMENS</em></span> <span class='ocrx_word' id='word_1_4' title='bbox 732 60 832 90; x_wconf 81' lang='grc' dir='ltr'>ΛΝΒ</span> <span class='ocrx_word' id='word_1_5' title='bbox 861 60 1065 92; x_wconf 84' lang='lat' dir='ltr'><em>DREAMS.</em></span> <span class='ocrx_word' id='word_1_6' title='bbox 1385 65 1456 94; x_wconf 84' lang='lat'>121</span> 
     </span>
    </p>
   </div>
   <div class='ocr_carea' id='block_1_2' title="bbox 78 159 1464 2366">
    <p class='ocr_par' dir='ltr' id='par_1_2' title="bbox 78 159 1464 2366">
     <span class='ocr_line' id='line_1_2' title="bbox 140 159 1463 211; baseline 0 -13"><span class='ocrx_word' id='word_1_7' title='bbox 140 173 259 211; x_wconf 91' lang='lat' dir='ltr'>quum</span> <span class='ocrx_word' id='word_1_8' title='bbox 293 160 491 198; x_wconf 87' lang='lat' dir='ltr'>oraculum</span> <span class='ocrx_word' id='word_1_9' title='bbox 520 160 569 197; x_wconf 90' lang='lat' dir='ltr'>ab</span> <span class='ocrx_word' id='word_1_10' title='bbox 598 159 690 197; x_wconf 89' lang='lat' dir='ltr'>Iove</span> <span class='ocrx_word' id='word_1_11' title='bbox 719 159 939 197; x_wconf 91' lang='lat' dir='ltr'>Dodonaeo</span> <span class='ocrx_word' id='word_1_12' title='bbox 967 159 1200 208; x_wconf 86' lang='lat' dir='ltr'><strong>petivissent,</strong></span> <span class='ocrx_word' id='word_1_13' title='bbox 1230 159 1278 198; x_wconf 92' lang='lat' dir='ltr'>de</span> <span class='ocrx_word' id='word_1_14' title='bbox 1308 161 1463 198; x_wconf 84' lang='lat' dir='ltr'>victoria</span> 
     </span>
     <span class='ocr_line' id='line_1_3' title="bbox 139 225 1462 274; baseline -0.001 -10"><span class='ocrx_word' id='word_1_15' title='bbox 139 227 386 270; x_wconf 80' lang='lat' dir='ltr'>sciscitantes,</span> <span class='ocrx_word' id='word_1_16' title='bbox 419 225 610 274; x_wconf 85' lang='lat' dir='ltr'>legatique</span> <span class='ocrx_word' id='word_1_17' title='bbox 642 225 733 262; x_wconf 89' lang='lat' dir='ltr'>illud</span> <span class='ocrx_word' id='word_1_18' title='bbox 766 225 804 262; x_wconf 90' lang='lat' dir='ltr'>in</span> <span class='ocrx_word' id='word_1_19' title='bbox 838 237 916 274; x_wconf 91' lang='lat' dir='ltr'>quo</span> <span class='ocrx_word' id='word_1_20' title='bbox 952 225 1100 262; x_wconf 86' lang='lat' dir='ltr'>inerant</span> <span class='ocrx_word' id='word_1_21' title='bbox 1139 232 1259 262; x_wconf 86' lang='lat' dir='ltr'>sortes</span> <span class='ocrx_word' id='word_1_22' title='bbox 1300 226 1462 263; x_wconf 89' lang='lat' dir='ltr'>colloca-</span> 
     </span>
     <span class='ocr_line' id='line_1_4' title="bbox 139 290 1464 339; baseline 0 -11"><span class='ocrx_word' id='word_1_23' title='bbox 139 292 292 336; x_wconf 90' lang='lat' dir='ltr'>vissent‚</span> <span class='ocrx_word' id='word_1_24' title='bbox 318 291 437 336; x_wconf 86' lang='lat' dir='ltr'>simia,</span> <span class='ocrx_word' id='word_1_25' title='bbox 459 302 576 339; x_wconf 90' lang='lat' dir='ltr'>quam</span> <span class='ocrx_word' id='word_1_26' title='bbox 603 302 669 327; x_wconf 87' lang='lat' dir='ltr'>rex</span> <span class='ocrx_word' id='word_1_27' title='bbox 698 290 961 328; x_wconf 87' lang='lat' dir='ltr'>Molossorum</span> <span class='ocrx_word' id='word_1_28' title='bbox 988 291 1028 327; x_wconf 90' lang='lat' dir='ltr'>in</span> <span class='ocrx_word' id='word_1_29' title='bbox 1058 290 1202 328; x_wconf 89' lang='lat' dir='ltr'>deliciis</span> <span class='ocrx_word' id='word_1_30' title='bbox 1230 291 1406 336; x_wconf 84' lang='lat' dir='ltr'>habebat,</span> <span class='ocrx_word' id='word_1_31' title='bbox 1427 298 1464 328; x_wconf 90' lang='lat' dir='ltr'>et</span> 
     </span>
     <span class='ocr_line' id='line_1_5' title="bbox 80 355 1463 406; baseline -0.001 -12"><span class='ocrx_word' id='word_1_32' title='bbox 80 369 120 400; x_wconf 84' lang='lat'>35</span> <span class='ocrx_word' id='word_1_33' title='bbox 140 363 260 395; x_wconf 86' lang='lat' dir='ltr'>sortes</span> <span class='ocrx_word' id='word_1_34' title='bbox 276 357 378 406; x_wconf 88' lang='lat' dir='ltr'>ipsas</span> <span class='ocrx_word' id='word_1_35' title='bbox 394 363 431 393; x_wconf 88' lang='lat' dir='ltr'>et</span> <span class='ocrx_word' id='word_1_36' title='bbox 451 363 587 402; x_wconf 89' lang='lat' dir='ltr'>cetera,</span> <span class='ocrx_word' id='word_1_37' title='bbox 606 368 704 405; x_wconf 91' lang='lat' dir='ltr'>quae</span> <span class='ocrx_word' id='word_1_38' title='bbox 725 362 833 392; x_wconf 89' lang='lat' dir='ltr'>erant</span> <span class='ocrx_word' id='word_1_39' title='bbox 850 355 898 393; x_wconf 89' lang='lat' dir='ltr'>ad</span> <span class='ocrx_word' id='word_1_40' title='bbox 919 362 1061 393; x_wconf 88' lang='lat' dir='ltr'>sortem</span> <span class='ocrx_word' id='word_1_41' title='bbox 1078 363 1222 405; x_wconf 85' lang='lat' dir='ltr'>parata,</span> <span class='ocrx_word' id='word_1_42' title='bbox 1241 356 1463 394; x_wconf 85' lang='lat' dir='ltr'>disturbavit</span> 
     </span>
     <span class='ocr_line' id='line_1_6' title="bbox 139 420 1463 470; baseline -0.002 -10"><span class='ocrx_word' id='word_1_43' title='bbox 139 430 176 460; x_wconf 90' lang='lat' dir='ltr'>et</span> <span class='ocrx_word' id='word_1_44' title='bbox 196 422 298 460; x_wconf 91' lang='lat' dir='ltr'>aliud</span> <span class='ocrx_word' id='word_1_45' title='bbox 325 422 400 459; x_wconf 91' lang='lat' dir='ltr'>alio</span> <span class='ocrx_word' id='word_1_46' title='bbox 428 421 636 470; x_wconf 85' lang='lat' dir='ltr'>dissipavit.</span> <span class='ocrx_word' id='word_1_47' title='bbox 694 420 799 458; x_wconf 92' lang='lat' dir='ltr'>Tum</span> <span class='ocrx_word' id='word_1_48' title='bbox 826 433 872 458; x_wconf 91' lang='lat' dir='ltr'>ea</span> <span class='ocrx_word' id='word_1_49' title='bbox 897 432 996 469; x_wconf 87' lang='lat' dir='ltr'>quae</span> <span class='ocrx_word' id='word_1_50' title='bbox 1026 422 1244 470; x_wconf 88' lang='lat' dir='ltr'>praeposita</span> <span class='ocrx_word' id='word_1_51' title='bbox 1273 428 1352 459; x_wconf 87' lang='lat' dir='ltr'>erat</span> <span class='ocrx_word' id='word_1_52' title='bbox 1378 434 1463 459; x_wconf 92' lang='lat' dir='ltr'>ora-</span> 
     </span>
     <span class='ocr_line' id='line_1_7' title="bbox 140 486 1462 532; baseline 0 -6"><span class='ocrx_word' id='word_1_53' title='bbox 140 489 226 526; x_wconf 91' lang='lat' dir='ltr'>culo</span> <span class='ocrx_word' id='word_1_54' title='bbox 256 488 438 526; x_wconf 82' lang='lat' dir='ltr'>sacerdos</span> <span class='ocrx_word' id='word_1_55' title='bbox 468 487 608 525; x_wconf 84' lang='lat' dir='ltr'>dixisse</span> <span class='ocrx_word' id='word_1_56' title='bbox 638 487 784 532; x_wconf 86' lang='lat' dir='ltr'>dicitur,</span> <span class='ocrx_word' id='word_1_57' title='bbox 806 487 853 524; x_wconf 92' lang='lat' dir='ltr'>de</span> <span class='ocrx_word' id='word_1_58' title='bbox 884 486 1003 524; x_wconf 83' lang='lat' dir='ltr'>salute</span> <span class='ocrx_word' id='word_1_59' title='bbox 1030 486 1348 525; x_wconf 81' lang='lat' dir='ltr'>Lacedaemoniis</span> <span class='ocrx_word' id='word_1_60' title='bbox 1378 500 1462 526; x_wconf 91' lang='lat' dir='ltr'>esse</span> 
     </span>
     <span class='ocr_line' id='line_1_8' title="bbox 139 552 744 600; baseline -0.003 -10"><span class='ocrx_word' id='word_1_61' title='bbox 139 565 220 591; x_wconf 91' lang='lat' dir='ltr'>non</span> <span class='ocrx_word' id='word_1_62' title='bbox 240 553 287 590; x_wconf 91' lang='lat' dir='ltr'>de</span> <span class='ocrx_word' id='word_1_63' title='bbox 307 553 464 590; x_wconf 87' lang='lat' dir='ltr'>victoria</span> <span class='ocrx_word' id='word_1_64' title='bbox 485 552 744 600; x_wconf 82' lang='lat' dir='ltr'>cogitandum.</span> 
     </span>
     <span class='ocr_line' id='line_1_9' title="bbox 193 617 1461 665; baseline -0.002 -8"><span class='ocrx_word' id='word_1_65' title='bbox 193 623 231 657; x_wconf 87' lang='lat'>3.</span> <span class='ocrx_word' id='word_1_66' title='bbox 261 618 368 665; x_wconf 90' lang='lat' dir='ltr'>Quid</span> <span class='ocrx_word' id='word_1_67' title='bbox 384 619 397 655; x_wconf 91' lang='lat'>?</span> <span class='ocrx_word' id='word_1_68' title='bbox 427 618 529 654; x_wconf 86' lang='lat' dir='ltr'>bello</span> <span class='ocrx_word' id='word_1_69' title='bbox 546 617 694 654; x_wconf 90' lang='lat' dir='ltr'>Punico</span> <span class='ocrx_word' id='word_1_70' title='bbox 707 618 879 655; x_wconf 87' lang='lat' dir='ltr'>secundo</span> <span class='ocrx_word' id='word_1_71' title='bbox 892 630 1024 655; x_wconf 88' lang='lat' dir='ltr'>nonne</span> <span class='ocrx_word' id='word_1_72' title='bbox 1041 617 1084 655; x_wconf 92' lang='lat' dir='ltr'>C.</span> <span class='ocrx_word' id='word_1_73' title='bbox 1100 617 1310 656; x_wconf 84' lang='lat' dir='ltr'>Flaminius</span> <span class='ocrx_word' id='word_1_74' title='bbox 1327 618 1461 655; x_wconf 89' lang='lat' dir='ltr'>consul</span> 
     </span>
     <span class='ocr_line' id='line_1_10' title="bbox 80 683 1461 735; baseline -0.001 -14"><span class='ocrx_word' id='word_1_75' title='bbox 80 704 121 735; x_wconf 85' lang='lat'>40</span> <span class='ocrx_word' id='word_1_76' title='bbox 139 685 275 722; x_wconf 86' lang='lat' dir='ltr'>iterum</span> <span class='ocrx_word' id='word_1_77' title='bbox 305 684 473 733; x_wconf 79' lang='lat' dir='ltr'>neglexit</span> <span class='ocrx_word' id='word_1_78' title='bbox 503 683 614 732; x_wconf 87' lang='lat' dir='ltr'>signa</span> <span class='ocrx_word' id='word_1_79' title='bbox 647 695 774 720; x_wconf 90' lang='lat' dir='ltr'>rerum</span> <span class='ocrx_word' id='word_1_80' title='bbox 812 683 1023 720; x_wconf 89' lang='lat' dir='ltr'>futurarum</span> <span class='ocrx_word' id='word_1_81' title='bbox 1058 695 1201 731; x_wconf 85' lang='lat' dir='ltr'>magna</span> <span class='ocrx_word' id='word_1_82' title='bbox 1232 695 1320 720; x_wconf 90' lang='lat' dir='ltr'>cum</span> <span class='ocrx_word' id='word_1_83' title='bbox 1355 683 1461 721; x_wconf 87' lang='lat' dir='ltr'>clade</span> 
     </span>
     <span class='ocr_line' id='line_1_11' title="bbox 139 747 1461 799; baseline -0.001 -12"><span class='ocrx_word' id='word_1_84' title='bbox 139 749 400 799; x_wconf 88' lang='lat' dir='ltr'>reipublicae?</span> <span class='ocrx_word' id='word_1_85' title='bbox 458 747 547 794; x_wconf 85' lang='lat' dir='ltr'>Qui,</span> <span class='ocrx_word' id='word_1_86' title='bbox 574 748 743 785; x_wconf 83' lang='lat' dir='ltr'>exercitu</span> <span class='ocrx_word' id='word_1_87' title='bbox 771 748 941 794; x_wconf 85' lang='lat' dir='ltr'>lustrato,</span> <span class='ocrx_word' id='word_1_88' title='bbox 964 761 1083 797; x_wconf 89' lang='lat' dir='ltr'>quum</span> <span class='ocrx_word' id='word_1_89' title='bbox 1110 749 1304 785; x_wconf 89' lang='lat' dir='ltr'>Arretium</span> <span class='ocrx_word' id='word_1_90' title='bbox 1331 761 1461 786; x_wconf 88' lang='lat' dir='ltr'>versus</span> 
     </span>
     <span class='ocr_line' id='line_1_12' title="bbox 138 813 1462 868; baseline -0.001 -15"><span class='ocrx_word' id='word_1_91' title='bbox 138 822 262 853; x_wconf 87' lang='lat' dir='ltr'>castra</span> <span class='ocrx_word' id='word_1_92' title='bbox 289 814 470 851; x_wconf 87' lang='lat' dir='ltr'>movisset</span> <span class='ocrx_word' id='word_1_93' title='bbox 499 821 535 850; x_wconf 91' lang='lat' dir='ltr'>et</span> <span class='ocrx_word' id='word_1_94' title='bbox 564 820 699 868; x_wconf 84' lang='lat' dir='ltr'>contra</span> <span class='ocrx_word' id='word_1_95' title='bbox 728 813 992 851; x_wconf 84' lang='lat' dir='ltr'>Hannibalem</span> <span class='ocrx_word' id='word_1_96' title='bbox 1021 814 1194 863; x_wconf 83' lang='lat' dir='ltr'>legiones</span> <span class='ocrx_word' id='word_1_97' title='bbox 1225 814 1390 860; x_wconf 86' lang='lat' dir='ltr'>duceret,</span> <span class='ocrx_word' id='word_1_98' title='bbox 1426 821 1462 852; x_wconf 92' lang='lat' dir='ltr'>et</span> 
     </span>
     <span class='ocr_line' id='line_1_13' title="bbox 137 879 1462 929; baseline -0.002 -11"><span class='ocrx_word' id='word_1_99' title='bbox 137 881 219 929; x_wconf 90' lang='lat' dir='ltr'>ipse</span> <span class='ocrx_word' id='word_1_100' title='bbox 239 886 276 917; x_wconf 93' lang='lat' dir='ltr'>et</span> <span class='ocrx_word' id='word_1_101' title='bbox 296 892 417 928; x_wconf 90' lang='lat' dir='ltr'>equus</span> <span class='ocrx_word' id='word_1_102' title='bbox 437 879 518 916; x_wconf 90' lang='lat' dir='ltr'>eius</span> <span class='ocrx_word' id='word_1_103' title='bbox 539 886 627 916; x_wconf 85' lang='lat' dir='ltr'>ante</span> <span class='ocrx_word' id='word_1_104' title='bbox 655 879 809 926; x_wconf 82' lang='lat' dir='ltr'>signum</span> <span class='ocrx_word' id='word_1_105' title='bbox 836 879 938 916; x_wconf 85' lang='lat' dir='ltr'>Iovis</span> <span class='ocrx_word' id='word_1_106' title='bbox 961 879 1119 916; x_wconf 88' lang='lat' dir='ltr'>Statoris</span> <span class='ocrx_word' id='word_1_107' title='bbox 1151 880 1232 916; x_wconf 90' lang='lat' dir='ltr'>sine</span> <span class='ocrx_word' id='word_1_108' title='bbox 1262 891 1378 916; x_wconf 87' lang='lat' dir='ltr'>causa</span> <span class='ocrx_word' id='word_1_109' title='bbox 1404 892 1462 916; x_wconf 93' lang='lat' dir='ltr'>re-</span> 
     </span>
     <span class='ocr_line' id='line_1_14' title="bbox 137 944 1459 995; baseline -0.001 -12"><span class='ocrx_word' id='word_1_110' title='bbox 137 952 252 995; x_wconf 90' lang='lat' dir='ltr'>pente</span> <span class='ocrx_word' id='word_1_111' title='bbox 273 945 452 990; x_wconf 88' lang='lat' dir='ltr'>concidit,</span> <span class='ocrx_word' id='word_1_112' title='bbox 475 956 548 981; x_wconf 91' lang='lat' dir='ltr'>nec</span> <span class='ocrx_word' id='word_1_113' title='bbox 579 956 665 980; x_wconf 89' lang='lat' dir='ltr'>eam</span> <span class='ocrx_word' id='word_1_114' title='bbox 695 956 776 980; x_wconf 92' lang='lat' dir='ltr'>rem</span> <span class='ocrx_word' id='word_1_115' title='bbox 797 944 929 981; x_wconf 87' lang='lat' dir='ltr'>habuit</span> <span class='ocrx_word' id='word_1_116' title='bbox 955 945 1141 994; x_wconf 81' lang='lat' dir='ltr'>religioni,</span> <span class='ocrx_word' id='word_1_117' title='bbox 1163 945 1314 982; x_wconf 82' lang='lat' dir='ltr'>obiecto</span> <span class='ocrx_word' id='word_1_118' title='bbox 1335 945 1459 993; x_wconf 84' lang='lat' dir='ltr'>signo,</span> 
     </span>
     <span class='ocr_line' id='line_1_15' title="bbox 78 1009 1459 1060; baseline -0.001 -12"><span class='ocrx_word' id='word_1_119' title='bbox 78 1028 117 1059; x_wconf 82' lang='lat'>45</span> <span class='ocrx_word' id='word_1_120' title='bbox 137 1017 179 1048; x_wconf 89' lang='lat' dir='ltr'>ut</span> <span class='ocrx_word' id='word_1_121' title='bbox 204 1011 333 1060; x_wconf 88' lang='lat' dir='ltr'>peritis</span> <span class='ocrx_word' id='word_1_122' title='bbox 356 1010 562 1055; x_wconf 86' lang='lat' dir='ltr'>videbatur,</span> <span class='ocrx_word' id='word_1_123' title='bbox 590 1021 638 1046; x_wconf 90' lang='lat' dir='ltr'>ne</span> <span class='ocrx_word' id='word_1_124' title='bbox 666 1009 922 1046; x_wconf 87' lang='lat' dir='ltr'>committeret</span> <span class='ocrx_word' id='word_1_125' title='bbox 950 1010 1148 1059; x_wconf 90' lang='lat' dir='ltr'>praelium.</span> <span class='ocrx_word' id='word_1_126' title='bbox 1206 1009 1316 1047; x_wconf 91' lang='lat' dir='ltr'>Idem</span> <span class='ocrx_word' id='word_1_127' title='bbox 1341 1022 1459 1059; x_wconf 90' lang='lat' dir='ltr'>quum</span> 
     </span>
     <span class='ocr_line' id='line_1_16' title="bbox 138 1074 1459 1125; baseline -0.002 -11"><span class='ocrx_word' id='word_1_128' title='bbox 138 1076 303 1125; x_wconf 86' lang='lat' dir='ltr'>tripudio</span> <span class='ocrx_word' id='word_1_129' title='bbox 324 1075 594 1124; x_wconf 84' lang='lat' dir='ltr'>auspicaretur,</span> <span class='ocrx_word' id='word_1_130' title='bbox 616 1074 796 1123; x_wconf 84' lang='lat' dir='ltr'>pullarius</span> <span class='ocrx_word' id='word_1_131' title='bbox 817 1075 919 1112; x_wconf 91' lang='lat' dir='ltr'>diem</span> <span class='ocrx_word' id='word_1_132' title='bbox 935 1074 1064 1123; x_wconf 87' lang='lat' dir='ltr'>praelii</span> <span class='ocrx_word' id='word_1_133' title='bbox 1094 1075 1360 1112; x_wconf 83' lang='lat' dir='ltr'>committendi</span> <span class='ocrx_word' id='word_1_134' title='bbox 1391 1075 1459 1113; x_wconf 83' lang='lat' dir='ltr'>dif-</span> 
     </span>
     <span class='ocr_line' id='line_1_17' title="bbox 138 1140 1460 1190; baseline -0.001 -11"><span class='ocrx_word' id='word_1_135' title='bbox 138 1142 293 1179; x_wconf 87' lang='lat' dir='ltr'>ferebat.</span> <span class='ocrx_word' id='word_1_136' title='bbox 351 1141 456 1177; x_wconf 90' lang='lat' dir='ltr'>Tum</span> <span class='ocrx_word' id='word_1_137' title='bbox 471 1140 681 1177; x_wconf 85' lang='lat' dir='ltr'>Flaminius</span> <span class='ocrx_word' id='word_1_138' title='bbox 698 1152 744 1176; x_wconf 82' lang='lat' dir='ltr'>ex</span> <span class='ocrx_word' id='word_1_139' title='bbox 761 1151 809 1176; x_wconf 90' lang='lat' dir='ltr'>eo</span> <span class='ocrx_word' id='word_1_140' title='bbox 823 1140 1018 1188; x_wconf 84' lang='lat' dir='ltr'>quaesivit,</span> <span class='ocrx_word' id='word_1_141' title='bbox 1036 1140 1068 1178; x_wconf 90' lang='lat' dir='ltr'>si</span> <span class='ocrx_word' id='word_1_142' title='bbox 1088 1153 1138 1178; x_wconf 89' lang='lat' dir='ltr'>ne</span> <span class='ocrx_word' id='word_1_143' title='bbox 1153 1147 1288 1189; x_wconf 89' lang='lat' dir='ltr'>postea</span> <span class='ocrx_word' id='word_1_144' title='bbox 1304 1141 1460 1190; x_wconf 88' lang='lat' dir='ltr'>quidem</span> 
     </span>
     <span class='ocr_line' id='line_1_18' title="bbox 139 1204 1459 1258; baseline 0 -15"><span class='ocrx_word' id='word_1_145' title='bbox 139 1207 231 1258; x_wconf 88' lang='lat' dir='ltr'>pulli</span> <span class='ocrx_word' id='word_1_146' title='bbox 251 1211 509 1256; x_wconf 85' lang='lat' dir='ltr'>pascerentur,</span> <span class='ocrx_word' id='word_1_147' title='bbox 530 1205 623 1253; x_wconf 87' lang='lat' dir='ltr'>quid</span> <span class='ocrx_word' id='word_1_148' title='bbox 644 1204 862 1242; x_wconf 89' lang='lat' dir='ltr'>faciendum</span> <span class='ocrx_word' id='word_1_149' title='bbox 884 1213 1067 1244; x_wconf 87' lang='lat' dir='ltr'>censeret.</span> <span class='ocrx_word' id='word_1_150' title='bbox 1127 1206 1261 1253; x_wconf 84' lang='lat' dir='ltr'>Quum</span> <span class='ocrx_word' id='word_1_151' title='bbox 1290 1207 1350 1243; x_wconf 92' lang='lat' dir='ltr'>ille</span> <span class='ocrx_word' id='word_1_152' title='bbox 1377 1207 1459 1256; x_wconf 90' lang='lat' dir='ltr'>qui—</span> 
     </span>
     <span class='ocr_line' id='line_1_19' title="bbox 138 1270 1459 1321; baseline -0.002 -11"><span class='ocrx_word' id='word_1_153' title='bbox 138 1272 348 1310; x_wconf 88' lang='lat' dir='ltr'>escendum</span> <span class='ocrx_word' id='word_1_154' title='bbox 367 1270 641 1319; x_wconf 88' lang='lat' dir='ltr'>respondisset,</span> <span class='ocrx_word' id='word_1_155' title='bbox 664 1270 873 1308; x_wconf 85' lang='lat' dir='ltr'>Flaminius</span> <span class='ocrx_word' id='word_1_156' title='bbox 892 1283 900 1308; x_wconf 88' lang='lat'>:</span> <span class='ocrx_word' id='word_1_157' title='bbox 931 1274 939 1289; x_wconf 89' lang='lat'>‘</span> <span class='ocrx_word' id='word_1_158' title='bbox 956 1271 1157 1309; x_wconf 86' lang='lat' dir='ltr'>Praeclara</span> <span class='ocrx_word' id='word_1_159' title='bbox 1173 1284 1262 1309; x_wconf 92' lang='lat' dir='ltr'>vero</span> <span class='ocrx_word' id='word_1_160' title='bbox 1279 1273 1459 1321; x_wconf 78' lang='lat' dir='ltr'>auspicia,</span> 
     </span>
     <span class='ocr_line' id='line_1_20' title="bbox 81 1335 1459 1386; baseline 0.001 -13"><span class='ocrx_word' id='word_1_161' title='bbox 81 1352 122 1383; x_wconf 88' lang='lat'>50</span> <span class='ocrx_word' id='word_1_162' title='bbox 139 1338 171 1375; x_wconf 87' lang='lat' dir='ltr'>si</span> <span class='ocrx_word' id='word_1_163' title='bbox 199 1336 451 1375; x_wconf 89' lang='lat' dir='ltr'>esurientibus</span> <span class='ocrx_word' id='word_1_164' title='bbox 481 1335 591 1385; x_wconf 89' lang='lat' dir='ltr'>pullis</span> <span class='ocrx_word' id='word_1_165' title='bbox 621 1347 680 1373; x_wconf 92' lang='lat' dir='ltr'>res</span> <span class='ocrx_word' id='word_1_166' title='bbox 709 1336 790 1384; x_wconf 85' lang='lat' dir='ltr'>geri</span> <span class='ocrx_word' id='word_1_167' title='bbox 818 1337 968 1385; x_wconf 90' lang='lat' dir='ltr'>poterit,</span> <span class='ocrx_word' id='word_1_168' title='bbox 999 1337 1134 1374; x_wconf 87' lang='lat' dir='ltr'>saturis</span> <span class='ocrx_word' id='word_1_169' title='bbox 1163 1337 1256 1374; x_wconf 90' lang='lat' dir='ltr'>nihil</span> <span class='ocrx_word' id='word_1_170' title='bbox 1285 1335 1459 1386; x_wconf 83' lang='lat' dir='ltr'>geretur.’</span> 
     </span>
     <span class='ocr_line' id='line_1_21' title="bbox 139 1401 1458 1452; baseline 0 -12"><span class='ocrx_word' id='word_1_171' title='bbox 139 1402 274 1451; x_wconf 90' lang='lat' dir='ltr'>Itaque</span> <span class='ocrx_word' id='word_1_172' title='bbox 296 1402 405 1450; x_wconf 84' lang='lat' dir='ltr'>signa</span> <span class='ocrx_word' id='word_1_173' title='bbox 424 1401 596 1446; x_wconf 91' lang='lat' dir='ltr'>convelli,</span> <span class='ocrx_word' id='word_1_174' title='bbox 617 1407 653 1438; x_wconf 89' lang='lat' dir='ltr'>et</span> <span class='ocrx_word' id='word_1_175' title='bbox 675 1413 714 1438; x_wconf 89' lang='lat' dir='ltr'>se</span> <span class='ocrx_word' id='word_1_176' title='bbox 728 1402 836 1450; x_wconf 87' lang='lat' dir='ltr'>sequi</span> <span class='ocrx_word' id='word_1_177' title='bbox 856 1402 974 1439; x_wconf 87' lang='lat' dir='ltr'>iussit.</span> <span class='ocrx_word' id='word_1_178' title='bbox 1033 1402 1123 1448; x_wconf 87' lang='lat' dir='ltr'>Quo</span> <span class='ocrx_word' id='word_1_179' title='bbox 1140 1409 1325 1451; x_wconf 88' lang='lat' dir='ltr'>tempore,</span> <span class='ocrx_word' id='word_1_180' title='bbox 1342 1414 1458 1452; x_wconf 90' lang='lat' dir='ltr'>quum</span> 
     </span>
     <span class='ocr_line' id='line_1_22' title="bbox 140 1466 1459 1517; baseline 0 -12"><span class='ocrx_word' id='word_1_181' title='bbox 140 1467 296 1517; x_wconf 86' lang='lat' dir='ltr'>signifer</span> <span class='ocrx_word' id='word_1_182' title='bbox 322 1467 433 1515; x_wconf 90' lang='lat' dir='ltr'>primi</span> <span class='ocrx_word' id='word_1_183' title='bbox 462 1466 601 1503; x_wconf 87' lang='lat' dir='ltr'>hastati</span> <span class='ocrx_word' id='word_1_184' title='bbox 626 1466 780 1514; x_wconf 84' lang='lat' dir='ltr'>signum</span> <span class='ocrx_word' id='word_1_185' title='bbox 809 1479 888 1504; x_wconf 87' lang='lat' dir='ltr'>non</span> <span class='ocrx_word' id='word_1_186' title='bbox 918 1475 1051 1516; x_wconf 89' lang='lat' dir='ltr'>posset</span> <span class='ocrx_word' id='word_1_187' title='bbox 1079 1480 1235 1505; x_wconf 89' lang='lat' dir='ltr'>movere</span> <span class='ocrx_word' id='word_1_188' title='bbox 1264 1468 1364 1514; x_wconf 89' lang='lat' dir='ltr'>loco,</span> <span class='ocrx_word' id='word_1_189' title='bbox 1385 1480 1459 1506; x_wconf 91' lang='lat' dir='ltr'>nec</span> 
     </span>
     <span class='ocr_line' id='line_1_23' title="bbox 140 1532 1459 1582; baseline 0 -12"><span class='ocrx_word' id='word_1_190' title='bbox 140 1532 351 1582; x_wconf 86' lang='lat' dir='ltr'>quidquam</span> <span class='ocrx_word' id='word_1_191' title='bbox 381 1532 628 1580; x_wconf 87' lang='lat' dir='ltr'>proficeretur</span> <span class='ocrx_word' id='word_1_192' title='bbox 660 1532 786 1580; x_wconf 91' lang='lat' dir='ltr'>plures</span> <span class='ocrx_word' id='word_1_193' title='bbox 817 1545 937 1581; x_wconf 89' lang='lat' dir='ltr'>quum</span> <span class='ocrx_word' id='word_1_194' title='bbox 969 1533 1206 1578; x_wconf 88' lang='lat' dir='ltr'>accederent,</span> <span class='ocrx_word' id='word_1_195' title='bbox 1237 1533 1459 1579; x_wconf 82' lang='lat' dir='ltr'>Flaminius,</span> 
     </span>
     <span class='ocr_line' id='line_1_24' title="bbox 141 1597 1459 1647; baseline 0.001 -12"><span class='ocrx_word' id='word_1_196' title='bbox 141 1611 180 1635; x_wconf 93' lang='lat' dir='ltr'>re</span> <span class='ocrx_word' id='word_1_197' title='bbox 201 1598 384 1643; x_wconf 88' lang='lat' dir='ltr'>nuntiata,</span> <span class='ocrx_word' id='word_1_198' title='bbox 406 1609 476 1634; x_wconf 90' lang='lat' dir='ltr'>suo</span> <span class='ocrx_word' id='word_1_199' title='bbox 495 1609 603 1634; x_wconf 87' lang='lat' dir='ltr'>more</span> <span class='ocrx_word' id='word_1_200' title='bbox 624 1597 803 1646; x_wconf 85' lang='lat' dir='ltr'>neglexit.</span> <span class='ocrx_word' id='word_1_201' title='bbox 861 1598 996 1647; x_wconf 87' lang='lat' dir='ltr'>Itaque</span> <span class='ocrx_word' id='word_1_202' title='bbox 1017 1599 1136 1636; x_wconf 91' lang='lat' dir='ltr'>tribus</span> <span class='ocrx_word' id='word_1_203' title='bbox 1157 1598 1260 1635; x_wconf 89' lang='lat' dir='ltr'>horis</span> <span class='ocrx_word' id='word_1_204' title='bbox 1281 1599 1459 1636; x_wconf 86' lang='lat' dir='ltr'>concisus</span> 
     </span>
     <span class='ocr_line' id='line_1_25' title="bbox 84 1662 1459 1712; baseline -0.001 -11"><span class='ocrx_word' id='word_1_205' title='bbox 84 1673 122 1705; x_wconf 79' lang='grc'>55</span> <span class='ocrx_word' id='word_1_206' title='bbox 141 1663 339 1708; x_wconf 85' lang='lat' dir='ltr'>exercitus,</span> <span class='ocrx_word' id='word_1_207' title='bbox 370 1669 485 1711; x_wconf 88' lang='lat' dir='ltr'>atque</span> <span class='ocrx_word' id='word_1_208' title='bbox 514 1662 596 1711; x_wconf 88' lang='lat' dir='ltr'>ipse</span> <span class='ocrx_word' id='word_1_209' title='bbox 625 1662 844 1700; x_wconf 88' lang='lat' dir='ltr'>interfectus</span> <span class='ocrx_word' id='word_1_210' title='bbox 871 1670 938 1701; x_wconf 90' lang='lat' dir='ltr'>est.</span> <span class='ocrx_word' id='word_1_211' title='bbox 997 1663 1189 1712; x_wconf 89' lang='lat' dir='ltr'>Magnum</span> <span class='ocrx_word' id='word_1_212' title='bbox 1216 1664 1308 1700; x_wconf 89' lang='lat' dir='ltr'>illud</span> <span class='ocrx_word' id='word_1_213' title='bbox 1334 1665 1459 1710; x_wconf 88' lang='lat' dir='ltr'>etiam,</span> 
     </span>
     <span class='ocr_line' id='line_1_26' title="bbox 142 1727 1460 1778; baseline 0 -12"><span class='ocrx_word' id='word_1_214' title='bbox 142 1729 248 1778; x_wconf 92' lang='lat' dir='ltr'>quod</span> <span class='ocrx_word' id='word_1_215' title='bbox 268 1728 413 1766; x_wconf 89' lang='lat' dir='ltr'>addidit</span> <span class='ocrx_word' id='word_1_216' title='bbox 443 1727 607 1770; x_wconf 88' lang='lat' dir='ltr'>Caelius,</span> <span class='ocrx_word' id='word_1_217' title='bbox 628 1739 675 1765; x_wconf 87' lang='lat' dir='ltr'>eo</span> <span class='ocrx_word' id='word_1_218' title='bbox 706 1735 878 1776; x_wconf 89' lang='lat' dir='ltr'>tempore</span> <span class='ocrx_word' id='word_1_219' title='bbox 899 1729 995 1777; x_wconf 84' lang='lat' dir='ltr'>ipso,</span> <span class='ocrx_word' id='word_1_220' title='bbox 1017 1741 1137 1778; x_wconf 88' lang='lat' dir='ltr'>quum</span> <span class='ocrx_word' id='word_1_221' title='bbox 1162 1729 1237 1766; x_wconf 89' lang='lat' dir='ltr'>hoc</span> <span class='ocrx_word' id='word_1_222' title='bbox 1266 1729 1460 1767; x_wconf 86' lang='lat' dir='ltr'>calamito-</span> 
     </span>
     <span class='ocr_line' id='line_1_27' title="bbox 141 1793 1460 1843; baseline 0.001 -13"><span class='ocrx_word' id='word_1_223' title='bbox 141 1805 226 1830; x_wconf 90' lang='lat' dir='ltr'>sum</span> <span class='ocrx_word' id='word_1_224' title='bbox 246 1794 352 1830; x_wconf 88' lang='lat' dir='ltr'>fieret</span> <span class='ocrx_word' id='word_1_225' title='bbox 371 1793 568 1842; x_wconf 90' lang='lat' dir='ltr'>praelium,</span> <span class='ocrx_word' id='word_1_226' title='bbox 590 1799 718 1831; x_wconf 86' lang='lat' dir='ltr'>tantos</span> <span class='ocrx_word' id='word_1_227' title='bbox 739 1800 859 1830; x_wconf 89' lang='lat' dir='ltr'>terrae</span> <span class='ocrx_word' id='word_1_228' title='bbox 886 1800 1015 1832; x_wconf 89' lang='lat' dir='ltr'>motus</span> <span class='ocrx_word' id='word_1_229' title='bbox 1041 1795 1081 1831; x_wconf 90' lang='lat' dir='ltr'>in</span> <span class='ocrx_word' id='word_1_230' title='bbox 1102 1794 1306 1843; x_wconf 84' lang='lat' dir='ltr'>Liguribus</span> <span class='ocrx_word' id='word_1_231' title='bbox 1336 1794 1460 1832; x_wconf 88' lang='lat' dir='ltr'>Gallia</span> 
     </span>
     <span class='ocr_line' id='line_1_28' title="bbox 142 1858 1459 1907; baseline 0 -11"><span class='ocrx_word' id='word_1_232' title='bbox 142 1858 481 1907; x_wconf 90' lang='lat' dir='ltr'>compluribusque</span> <span class='ocrx_word' id='word_1_233' title='bbox 502 1858 632 1895; x_wconf 89' lang='lat' dir='ltr'>insulis</span> <span class='ocrx_word' id='word_1_234' title='bbox 653 1864 810 1907; x_wconf 87' lang='lat' dir='ltr'>totaque</span> <span class='ocrx_word' id='word_1_235' title='bbox 831 1859 870 1895; x_wconf 91' lang='lat' dir='ltr'>in</span> <span class='ocrx_word' id='word_1_236' title='bbox 894 1858 1003 1896; x_wconf 87' lang='lat' dir='ltr'>Italia</span> <span class='ocrx_word' id='word_1_237' title='bbox 1022 1859 1145 1896; x_wconf 89' lang='lat' dir='ltr'>factos</span> <span class='ocrx_word' id='word_1_238' title='bbox 1165 1871 1261 1905; x_wconf 90' lang='lat' dir='ltr'>esse,</span> <span class='ocrx_word' id='word_1_239' title='bbox 1282 1865 1324 1897; x_wconf 92' lang='lat' dir='ltr'>ut</span> <span class='ocrx_word' id='word_1_240' title='bbox 1343 1861 1459 1897; x_wconf 90' lang='lat' dir='ltr'>multa</span> 
     </span>
     <span class='ocr_line' id='line_1_29' title="bbox 142 1922 1459 1975; baseline 0.002 -14"><span class='ocrx_word' id='word_1_241' title='bbox 142 1924 287 1973; x_wconf 91' lang='lat' dir='ltr'>oppida</span> <span class='ocrx_word' id='word_1_242' title='bbox 317 1924 538 1969; x_wconf 91' lang='lat' dir='ltr'>corruerint,</span> <span class='ocrx_word' id='word_1_243' title='bbox 573 1922 701 1960; x_wconf 88' lang='lat' dir='ltr'>multis</span> <span class='ocrx_word' id='word_1_244' title='bbox 740 1923 835 1961; x_wconf 88' lang='lat' dir='ltr'>locis</span> <span class='ocrx_word' id='word_1_245' title='bbox 868 1924 972 1962; x_wconf 89' lang='lat' dir='ltr'>labes</span> <span class='ocrx_word' id='word_1_246' title='bbox 1002 1923 1124 1961; x_wconf 86' lang='lat' dir='ltr'>factae</span> <span class='ocrx_word' id='word_1_247' title='bbox 1158 1924 1233 1961; x_wconf 87' lang='lat' dir='ltr'>sint</span> <span class='ocrx_word' id='word_1_248' title='bbox 1263 1931 1459 1975; x_wconf 87' lang='lat' dir='ltr'>terraeque</span> 
     </span>
     <span class='ocr_line' id='line_1_30' title="bbox 83 1987 1459 2040; baseline 0 -12"><span class='ocrx_word' id='word_1_249' title='bbox 83 1998 124 2030; x_wconf 92' lang='lat'>60</span> <span class='ocrx_word' id='word_1_250' title='bbox 142 1988 360 2026; x_wconf 84' lang='lat' dir='ltr'>desederint</span> <span class='ocrx_word' id='word_1_251' title='bbox 378 1987 614 2036; x_wconf 89' lang='lat' dir='ltr'>fluminaque</span> <span class='ocrx_word' id='word_1_252' title='bbox 634 1988 675 2025; x_wconf 92' lang='lat' dir='ltr'>in</span> <span class='ocrx_word' id='word_1_253' title='bbox 702 1989 910 2027; x_wconf 88' lang='lat' dir='ltr'>contrarias</span> <span class='ocrx_word' id='word_1_254' title='bbox 929 1996 1056 2038; x_wconf 91' lang='lat' dir='ltr'>partes</span> <span class='ocrx_word' id='word_1_255' title='bbox 1081 1989 1258 2028; x_wconf 81' lang='lat' dir='ltr'>fluxerint</span> <span class='ocrx_word' id='word_1_256' title='bbox 1286 1998 1401 2040; x_wconf 91' lang='lat' dir='ltr'>atque</span> <span class='ocrx_word' id='word_1_257' title='bbox 1422 1993 1459 2028; x_wconf 91' lang='lat' dir='ltr'>in</span> 
     </span>
     <span class='ocr_line' id='line_1_31' title="bbox 141 2053 619 2092; baseline -0.002 -1"><span class='ocrx_word' id='word_1_258' title='bbox 141 2065 275 2092; x_wconf 90' lang='lat' dir='ltr'>amnes</span> <span class='ocrx_word' id='word_1_259' title='bbox 294 2065 399 2090; x_wconf 88' lang='lat' dir='ltr'>mare</span> <span class='ocrx_word' id='word_1_260' title='bbox 419 2053 619 2090; x_wconf 84' lang='lat' dir='ltr'>influxerit.</span> 
     </span>
     <span class='ocr_line' id='line_1_32' title="bbox 195 2119 1459 2170; baseline 0.002 -14"><span class='ocrx_word' id='word_1_261' title='bbox 195 2123 235 2156; x_wconf 87' lang='lat'>4.</span> <span class='ocrx_word' id='word_1_262' title='bbox 264 2119 380 2156; x_wconf 91' lang='lat' dir='ltr'>Fiunt</span> <span class='ocrx_word' id='word_1_263' title='bbox 400 2126 502 2156; x_wconf 89' lang='lat' dir='ltr'>certe</span> <span class='ocrx_word' id='word_1_264' title='bbox 522 2119 800 2157; x_wconf 88' lang='lat' dir='ltr'>divinationum</span> <span class='ocrx_word' id='word_1_265' title='bbox 821 2120 1063 2158; x_wconf 87' lang='lat' dir='ltr'>coniecturae</span> <span class='ocrx_word' id='word_1_266' title='bbox 1083 2133 1107 2158; x_wconf 88' lang='lat' dir='ltr'>a</span> <span class='ocrx_word' id='word_1_267' title='bbox 1130 2121 1269 2170; x_wconf 86' lang='lat' dir='ltr'>peritis.</span> <span class='ocrx_word' id='word_1_268' title='bbox 1328 2121 1459 2159; x_wconf 81' lang='lat' dir='ltr'>Midae</span> 
     </span>
     <span class='ocr_line' id='line_1_33' title="bbox 141 2185 1456 2234; baseline 0 -10"><span class='ocrx_word' id='word_1_269' title='bbox 141 2186 192 2224; x_wconf 91' lang='lat' dir='ltr'>illi</span> <span class='ocrx_word' id='word_1_270' title='bbox 211 2185 390 2234; x_wconf 86' lang='lat' dir='ltr'>Phrygio,</span> <span class='ocrx_word' id='word_1_271' title='bbox 411 2197 531 2234; x_wconf 89' lang='lat' dir='ltr'>quum</span> <span class='ocrx_word' id='word_1_272' title='bbox 550 2197 645 2234; x_wconf 89' lang='lat' dir='ltr'>puer</span> <span class='ocrx_word' id='word_1_273' title='bbox 665 2192 775 2231; x_wconf 86' lang='lat' dir='ltr'>esset,</span> <span class='ocrx_word' id='word_1_274' title='bbox 797 2186 1001 2224; x_wconf 90' lang='lat' dir='ltr'>dormienti</span> <span class='ocrx_word' id='word_1_275' title='bbox 1021 2186 1203 2224; x_wconf 86' lang='lat' dir='ltr'>formicae</span> <span class='ocrx_word' id='word_1_276' title='bbox 1224 2187 1263 2223; x_wconf 93' lang='lat' dir='ltr'>in</span> <span class='ocrx_word' id='word_1_277' title='bbox 1284 2199 1329 2224; x_wconf 93' lang='lat' dir='ltr'>os</span> <span class='ocrx_word' id='word_1_278' title='bbox 1349 2188 1456 2224; x_wconf 85' lang='lat' dir='ltr'>tritici</span> 
     </span>
     <span class='ocr_line' id='line_1_34' title="bbox 141 2249 1459 2301; baseline 0.001 -13"><span class='ocrx_word' id='word_1_279' title='bbox 141 2263 260 2300; x_wconf 88' lang='lat' dir='ltr'>grana</span> <span class='ocrx_word' id='word_1_280' title='bbox 280 2256 567 2298; x_wconf 86' lang='lat' dir='ltr'>congesserunt.</span> <span class='ocrx_word' id='word_1_281' title='bbox 598 2249 874 2288; x_wconf 87' lang='lat' dir='ltr'>Divitissimum</span> <span class='ocrx_word' id='word_1_282' title='bbox 895 2251 975 2289; x_wconf 88' lang='lat' dir='ltr'>fore</span> <span class='ocrx_word' id='word_1_283' title='bbox 995 2252 1233 2301; x_wconf 87' lang='lat' dir='ltr'>praedictum</span> <span class='ocrx_word' id='word_1_284' title='bbox 1254 2259 1332 2289; x_wconf 87' lang='lat' dir='ltr'>est:</span> <span class='ocrx_word' id='word_1_285' title='bbox 1354 2252 1459 2301; x_wconf 90' lang='lat' dir='ltr'>quod</span> 
     </span>
     <span class='ocr_line' id='line_1_35' title="bbox 83 2315 1458 2366; baseline 0.002 -14"><span class='ocrx_word' id='word_1_286' title='bbox 83 2322 125 2362; x_wconf 87' lang='lat'>65</span> <span class='ocrx_word' id='word_1_287' title='bbox 142 2316 278 2353; x_wconf 89' lang='lat' dir='ltr'>evenit.</span> <span class='ocrx_word' id='word_1_288' title='bbox 332 2316 384 2354; x_wconf 94' lang='lat' dir='ltr'>At</span> <span class='ocrx_word' id='word_1_289' title='bbox 403 2315 561 2361; x_wconf 83' lang='lat' dir='ltr'>Platoni,</span> <span class='ocrx_word' id='word_1_290' title='bbox 580 2327 699 2364; x_wconf 91' lang='lat' dir='ltr'>quum</span> <span class='ocrx_word' id='word_1_291' title='bbox 719 2316 758 2352; x_wconf 91' lang='lat' dir='ltr'>in</span> <span class='ocrx_word' id='word_1_292' title='bbox 778 2317 887 2354; x_wconf 90' lang='lat' dir='ltr'>cunis</span> <span class='ocrx_word' id='word_1_293' title='bbox 907 2317 1064 2365; x_wconf 88' lang='lat' dir='ltr'>parvulo</span> <span class='ocrx_word' id='word_1_294' title='bbox 1080 2317 1284 2354; x_wconf 89' lang='lat' dir='ltr'>dormienti</span> <span class='ocrx_word' id='word_1_295' title='bbox 1305 2329 1398 2366; x_wconf 89' lang='lat' dir='ltr'>apes</span> <span class='ocrx_word' id='word_1_296' title='bbox 1418 2318 1458 2355; x_wconf 92' lang='lat' dir='ltr'>in</span> 
     </span>
    </p>
   </div>
   <div class='ocr_carea' id='block_1_3' title="bbox 113 2388 811 2437">
    <p class='ocr_par' dir='ltr' id='par_1_3' title="bbox 113 2388 811 2437">
     <span class='ocr_line' id='line_1_36' title="bbox 113 2388 811 2437; baseline 0 -19"><span class='ocrx_word' id='word_1_297' title='bbox 113 2388 138 2437; x_wconf 57' lang='grc' dir='ltr'>(ὲ</span> <span class='ocrx_word' id='word_1_298' title='bbox 785 2393 811 2418; x_wconf 83' lang='grc' dir='ltr'><strong><em>Κ</em></strong></span> 
     </span>
    </p>
   </div>
  </div>
 </body>
</html>
