1668 2509
202 84 279 127 182
539 94 788 125 EXTRACTS
817 94 954 125 FROM
982 94 1159 125 CICERO.
1356 97 1433 127 Sect.
1456 96 1511 128 ιν.

196 203 233 232 et
271 193 433 232 Graecia
470 194 553 232 tulit
590 194 800 243 singulares
833 195 956 241 viros;
992 206 1157 244 quorum
1195 195 1401 242 neminem,
1440 196 1512 234 nisi

196 259 347 296 iuvante
369 259 453 304 deo,
475 259 590 296 talem
610 259 725 296 fuisse
745 259 980 297 credendum
1000 265 1069 297 est.
1126 258 1238 305 Quae
1257 260 1353 296 ratio
1377 267 1512 309 poetas

197 324 440 372 maximeque
462 324 681 361 Homerum
701 324 860 374 impulit,
880 330 921 360 ut
941 324 1176 374 principibus
1205 323 1377 370 heroum,
1397 324 1512 371 Ulixi,

196 387 388 433 Diomedi,
417 389 718 437 Agamemnoni,
739 387 888 434 Achilli,
916 395 1040 426 certos
1066 389 1160 426 deos
1186 389 1448 426 discriminum
1475 394 1514 427 et

196 453 451 502 periculorum
473 454 632 491 comites
652 453 885 502 adiungeret.
942 452 1142 491 Praeterea
1160 455 1332 503 ipsorum
1352 454 1511 491 deorum
1529 467 1592 500 570

197 530 311 567 saepe
331 519 570 567 praesentiae
591 518 796 563 declarant,
823 519 872 555 ab
900 518 959 555 his
986 525 1023 556 et
1053 519 1265 557 civitatibus
1292 526 1330 557 et
1354 519 1512 568 singulis

196 583 416 620 hominibus
445 583 618 621 consuli:
657 584 763 632 quod
787 583 943 633 quidem
972 584 1189 634 intelligitur
1221 585 1337 622 etiam
1371 585 1514 634 signifi-

135 644 138 646 *
197 649 411 685 cationibus
444 661 572 686 rerum
602 648 822 693 suturarum,
858 661 956 698 quae
990 655 1071 686 tum
1109 649 1397 696 dormientibus,
1432 656 1513 687 tum

195 713 437 762 vigilantibus
466 714 756 762 portenduntur.
814 713 938 751 Multa
966 721 1163 763 praeterea
1192 715 1364 761 ostentis,
1394 715 1513 753 multa

196 779 291 816 extis
313 779 576 824 admonemur,
597 779 801 828 multisque
822 780 935 816 rebus
955 780 1034 816 aliis
1055 793 1062 816 :
1093 792 1188 829 quas
1202 780 1401 818 diuturnus
1419 793 1511 818 usus
1529 793 1590 825 575

199 844 250 880 ita
278 844 432 889 notavit,
453 850 494 880 ut
521 851 640 881 artem
671 844 911 881 divinationis
941 844 1116 882 efficeret.
1172 844 1300 882 Nemo
1328 846 1440 895 igitur
1458 846 1512 883 vir

194 920 358 957 magnus
388 908 469 946 sine
499 909 626 957 aliquo
656 908 783 946 afflatu
813 909 940 946 divino
970 921 1155 959 umquam
1183 910 1262 947 fuit.
1318 910 1402 948 Nec
1422 923 1512 949 vero

195 975 244 1011 ita
277 973 525 1011 refellendum
559 980 627 1019 est,
659 981 710 1020 ut,
745 974 776 1011 si
808 975 1001 1022 segetibus
1033 982 1097 1012 aut
1134 976 1268 1013 vinetis
1302 976 1512 1025 cuiuspiam

196 1046 402 1087 tempestas
441 1039 625 1084 nocuerit,
662 1046 725 1075 aut
760 1039 790 1075 si
825 1039 917 1087 quid
954 1052 975 1076 e
1012 1040 1108 1077 vitae
1147 1041 1362 1078 commodis
1401 1054 1512 1080 casus

195 1104 398 1150 abstulerit,
433 1116 532 1150 eum,
563 1105 622 1141 cui
651 1104 743 1153 quid
770 1103 907 1141 horum
936 1105 1127 1151 acciderit,
1148 1111 1212 1142 aut
1245 1106 1409 1143 invisum
1438 1107 1511 1144 deo
1537 1109 1599 1150 580

195 1175 258 1206 aut
287 1169 504 1218 neglectum
534 1180 557 1205 a
586 1168 659 1205 deo
690 1168 909 1205 iudicemus.
967 1168 1114 1218 Magna
1144 1169 1194 1206 dii
1224 1177 1367 1216 curant,
1397 1183 1512 1220 parva

195 1234 402 1283 negligunt.
462 1233 617 1282 Magnis
645 1239 773 1269 autem
807 1233 892 1270 viris
931 1245 1112 1283 prospere
1144 1246 1296 1285 semper
1333 1237 1512 1274 eveniunt

195 1310 333 1336 omnes
351 1309 420 1336 res.
