<?xml version="1.0" encoding="UTF-8"?>
<!DOCTYPE html PUBLIC "-//W3C//DTD XHTML 1.0 Transitional//EN"
    "http://www.w3.org/TR/xhtml1/DTD/xhtml1-transitional.dtd">
<html xmlns="http://www.w3.org/1999/xhtml" xml:lang="en" lang="en">
 <head>
  <title>
</title>
<meta http-equiv="Content-Type" content="text/html;charset=utf-8" />
  <meta name='ocr-system' content='tesseract 3.04.00' />
  <meta name='ocr-capabilities' content='ocr_page ocr_carea ocr_par ocr_line ocrx_word'/>
</head>
<body>
  <div class='ocr_page' id='page_1' title='image "./extractsfromcice02ciceuoft_0069.png"; bbox 0 0 1668 2509; ppageno 0'>
   <div class='ocr_carea' id='block_1_1' title="bbox 535 677 1104 730">
    <p class='ocr_par' dir='ltr' id='par_1_1' title="bbox 535 677 1104 730">
     <span class='ocr_line' id='line_1_1' title="bbox 535 677 1104 730; baseline 0.012 -7"><span class='ocrx_word' id='word_1_1' title='bbox 535 677 938 727; x_wconf 88' lang='lat' dir='ltr'><strong>SECTION</strong></span> <span class='ocrx_word' id='word_1_2' title='bbox 1006 680 1104 730; x_wconf 89' lang='lat' dir='ltr'>IV.</span> 
     </span>
    </p>
   </div>
   <div class='ocr_carea' id='block_1_2' title="bbox 345 849 1284 928">
    <p class='ocr_par' dir='ltr' id='par_1_2' title="bbox 345 849 1284 928">
     <span class='ocr_line' id='line_1_2' title="bbox 345 849 1284 928; baseline 0.006 -6"><span class='ocrx_word' id='word_1_3' title='bbox 345 882 747 925; x_wconf 87' lang='lat' dir='ltr'><strong>BEAUTIES</strong></span> <span class='ocrx_word' id='word_1_4' title='bbox 801 884 892 927; x_wconf 93' lang='lat' dir='ltr'>OF</span> <span class='ocrx_word' id='word_1_5' title='bbox 945 849 1284 928; x_wconf 43' lang='grc' dir='ltr'><strong>ΝΑΤΠΙΞΕ.</strong></span> 
     </span>
    </p>
   </div>
   <div class='ocr_carea' id='block_1_3' title="bbox 74 1042 1468 2394">
    <p class='ocr_par' dir='ltr' id='par_1_3' title="bbox 147 1042 1468 1292">
     <span class='ocr_line' id='line_1_3' title="bbox 203 1042 1468 1091; baseline 0.006 -11"><span class='ocrx_word' id='word_1_6' title='bbox 203 1047 234 1081; x_wconf 90' lang='grc'>1.</span> <span class='ocrx_word' id='word_1_7' title='bbox 265 1042 462 1082; x_wconf 81' lang='lat' dir='ltr'>PR1NC1P10</span> <span class='ocrx_word' id='word_1_8' title='bbox 482 1050 580 1082; x_wconf 91' lang='lat' dir='ltr'>terra</span> <span class='ocrx_word' id='word_1_9' title='bbox 599 1045 775 1083; x_wconf 86' lang='lat' dir='ltr'>universa</span> <span class='ocrx_word' id='word_1_10' title='bbox 795 1053 980 1091; x_wconf 83' lang='lat' dir='ltr'>cernatur,</span> <span class='ocrx_word' id='word_1_11' title='bbox 994 1046 1118 1084; x_wconf 89' lang='lat' dir='ltr'>locata</span> <span class='ocrx_word' id='word_1_12' title='bbox 1133 1048 1173 1084; x_wconf 91' lang='lat' dir='ltr'>in</span> <span class='ocrx_word' id='word_1_13' title='bbox 1192 1048 1320 1086; x_wconf 89' lang='lat' dir='ltr'>media</span> <span class='ocrx_word' id='word_1_14' title='bbox 1334 1051 1468 1087; x_wconf 89' lang='lat' dir='ltr'>mundi</span> 
     </span>
     <span class='ocr_line' id='line_1_4' title="bbox 150 1108 1466 1160; baseline 0.005 -14"><span class='ocrx_word' id='word_1_15' title='bbox 150 1108 253 1155; x_wconf 88' lang='lat' dir='ltr'>sede,</span> <span class='ocrx_word' id='word_1_16' title='bbox 284 1109 407 1147; x_wconf 86' lang='lat' dir='ltr'>solida</span> <span class='ocrx_word' id='word_1_17' title='bbox 443 1116 481 1147; x_wconf 90' lang='lat' dir='ltr'>et</span> <span class='ocrx_word' id='word_1_18' title='bbox 513 1109 688 1159; x_wconf 85' lang='lat' dir='ltr'>globosa,</span> <span class='ocrx_word' id='word_1_19' title='bbox 722 1111 856 1148; x_wconf 88' lang='lat' dir='ltr'>vestita</span> <span class='ocrx_word' id='word_1_20' title='bbox 889 1110 1057 1156; x_wconf 88' lang='lat' dir='ltr'>floribus,</span> <span class='ocrx_word' id='word_1_21' title='bbox 1089 1111 1226 1158; x_wconf 80' lang='lat' dir='ltr'>herbis,</span> <span class='ocrx_word' id='word_1_22' title='bbox 1257 1113 1466 1160; x_wconf 54' lang='lat' dir='ltr'>arboribus</span> 
     </span>
     <span class='ocr_line' id='line_1_5' title="bbox 148 1173 1467 1224; baseline 0.005 -14"><span class='ocrx_word' id='word_1_23' title='bbox 148 1173 332 1222; x_wconf 85' lang='lat' dir='ltr'>frugibus,</span> <span class='ocrx_word' id='word_1_24' title='bbox 367 1187 531 1224; x_wconf 89' lang='lat' dir='ltr'>quorum</span> <span class='ocrx_word' id='word_1_25' title='bbox 562 1176 736 1212; x_wconf 89' lang='lat' dir='ltr'>omnium</span> <span class='ocrx_word' id='word_1_26' title='bbox 770 1175 1003 1212; x_wconf 88' lang='lat' dir='ltr'>incredibilis</span> <span class='ocrx_word' id='word_1_27' title='bbox 1036 1176 1239 1214; x_wconf 87' lang='lat' dir='ltr'>multitudo</span> <span class='ocrx_word' id='word_1_28' title='bbox 1266 1178 1467 1216; x_wconf 76' lang='lat' dir='ltr'>insatiabili</span> 
     </span>
     <span class='ocr_line' id='line_1_6' title="bbox 147 1239 1467 1292; baseline 0.005 -17"><span class='ocrx_word' id='word_1_29' title='bbox 147 1239 326 1276; x_wconf 83' lang='lat' dir='ltr'>varietate</span> <span class='ocrx_word' id='word_1_30' title='bbox 356 1240 609 1289; x_wconf 84' lang='lat' dir='ltr'>distinguitur.</span> <span class='ocrx_word' id='word_1_31' title='bbox 667 1239 780 1277; x_wconf 82' lang='lat' dir='ltr'>Adde</span> <span class='ocrx_word' id='word_1_32' title='bbox 808 1240 883 1277; x_wconf 91' lang='lat' dir='ltr'>huc</span> <span class='ocrx_word' id='word_1_33' title='bbox 912 1240 1076 1277; x_wconf 88' lang='lat' dir='ltr'>fontium</span> <span class='ocrx_word' id='word_1_34' title='bbox 1102 1242 1249 1290; x_wconf 90' lang='lat' dir='ltr'>gelidas</span> <span class='ocrx_word' id='word_1_35' title='bbox 1277 1244 1467 1292; x_wconf 89' lang='lat' dir='ltr'>peremni-</span> 
     </span>
    </p>

    <p class='ocr_par' dir='ltr' id='par_1_4' title="bbox 110 1304 1465 1615">
     <span class='ocr_line' id='line_1_7' title="bbox 110 1304 1465 1354; baseline 0.003 -13"><span class='ocrx_word' id='word_1_36' title='bbox 110 1320 126 1350; x_wconf 82' lang='lat'>5</span> <span class='ocrx_word' id='word_1_37' title='bbox 147 1310 255 1350; x_wconf 90' lang='lat' dir='ltr'>tates,</span> <span class='ocrx_word' id='word_1_38' title='bbox 275 1304 442 1353; x_wconf 84' lang='lat' dir='ltr'>liquores</span> <span class='ocrx_word' id='word_1_39' title='bbox 463 1305 680 1354; x_wconf 90' lang='lat' dir='ltr'>perlucidos</span> <span class='ocrx_word' id='word_1_40' title='bbox 707 1305 889 1350; x_wconf 86' lang='lat' dir='ltr'>amnium,</span> <span class='ocrx_word' id='word_1_41' title='bbox 911 1305 1078 1354; x_wconf 91' lang='lat' dir='ltr'>riparum</span> <span class='ocrx_word' id='word_1_42' title='bbox 1105 1307 1261 1344; x_wconf 90' lang='lat' dir='ltr'>vestitus</span> <span class='ocrx_word' id='word_1_43' title='bbox 1288 1308 1465 1346; x_wconf 87' lang='lat' dir='ltr'>viridissi-</span> 
     </span>
     <span class='ocr_line' id='line_1_8' title="bbox 145 1369 1463 1421; baseline 0.004 -15"><span class='ocrx_word' id='word_1_44' title='bbox 145 1380 244 1415; x_wconf 90' lang='lat' dir='ltr'>mos,</span> <span class='ocrx_word' id='word_1_45' title='bbox 265 1369 534 1418; x_wconf 81' lang='lat' dir='ltr'>speluncarum</span> <span class='ocrx_word' id='word_1_46' title='bbox 559 1381 750 1407; x_wconf 89' lang='lat' dir='ltr'>concavas</span> <span class='ocrx_word' id='word_1_47' title='bbox 769 1369 997 1415; x_wconf 83' lang='lat' dir='ltr'>altitudines,</span> <span class='ocrx_word' id='word_1_48' title='bbox 1019 1381 1199 1408; x_wconf 82' lang='lat' dir='ltr'>saxorum</span> <span class='ocrx_word' id='word_1_49' title='bbox 1229 1373 1463 1421; x_wconf 82' lang='lat' dir='ltr'>asperitates,</span> 
     </span>
     <span class='ocr_line' id='line_1_9' title="bbox 145 1433 1465 1485; baseline 0.004 -15"><span class='ocrx_word' id='word_1_50' title='bbox 145 1433 449 1483; x_wconf 90' lang='lat' dir='ltr'>impendentium</span> <span class='ocrx_word' id='word_1_51' title='bbox 487 1434 679 1471; x_wconf 90' lang='lat' dir='ltr'>montium</span> <span class='ocrx_word' id='word_1_52' title='bbox 717 1434 933 1471; x_wconf 86' lang='lat' dir='ltr'>altitudines</span> <span class='ocrx_word' id='word_1_53' title='bbox 971 1434 1324 1485; x_wconf 87' lang='lat' dir='ltr'>immensitatesque</span> <span class='ocrx_word' id='word_1_54' title='bbox 1362 1450 1465 1475; x_wconf 87' lang='lat' dir='ltr'>cam-</span> 
     </span>
     <span class='ocr_line' id='line_1_10' title="bbox 145 1499 1463 1550; baseline 0.003 -14"><span class='ocrx_word' id='word_1_55' title='bbox 145 1511 304 1548; x_wconf 88' lang='lat' dir='ltr'>porum;</span> <span class='ocrx_word' id='word_1_56' title='bbox 344 1499 443 1537; x_wconf 90' lang='lat' dir='ltr'>adde</span> <span class='ocrx_word' id='word_1_57' title='bbox 478 1499 594 1536; x_wconf 85' lang='lat' dir='ltr'>etiarn</span> <span class='ocrx_word' id='word_1_58' title='bbox 623 1499 842 1536; x_wconf 89' lang='lat' dir='ltr'>reconditas</span> <span class='ocrx_word' id='word_1_59' title='bbox 871 1499 953 1536; x_wconf 91' lang='lat' dir='ltr'>auri</span> <span class='ocrx_word' id='word_1_60' title='bbox 982 1501 1207 1550; x_wconf 87' lang='lat' dir='ltr'>argentique</span> <span class='ocrx_word' id='word_1_61' title='bbox 1235 1513 1352 1539; x_wconf 92' lang='lat' dir='ltr'>venas</span> <span class='ocrx_word' id='word_1_62' title='bbox 1380 1503 1463 1540; x_wconf 89' lang='lat' dir='ltr'>infi-</span> 
     </span>
     <span class='ocr_line' id='line_1_11' title="bbox 144 1563 1464 1615; baseline 0.003 -14"><span class='ocrx_word' id='word_1_63' title='bbox 144 1565 339 1614; x_wconf 88' lang='lat' dir='ltr'>nitamque</span> <span class='ocrx_word' id='word_1_64' title='bbox 358 1564 435 1601; x_wconf 90' lang='lat' dir='ltr'>vim</span> <span class='ocrx_word' id='word_1_65' title='bbox 461 1564 674 1601; x_wconf 90' lang='lat' dir='ltr'>marmoris.</span> <span class='ocrx_word' id='word_1_66' title='bbox 733 1563 845 1609; x_wconf 85' lang='lat' dir='ltr'>Quae</span> <span class='ocrx_word' id='word_1_67' title='bbox 873 1575 964 1601; x_wconf 81' lang='lat' dir='ltr'>vero</span> <span class='ocrx_word' id='word_1_68' title='bbox 994 1571 1031 1601; x_wconf 90' lang='lat' dir='ltr'>et</span> <span class='ocrx_word' id='word_1_69' title='bbox 1054 1576 1171 1613; x_wconf 90' lang='lat' dir='ltr'>quam</span> <span class='ocrx_word' id='word_1_70' title='bbox 1193 1567 1295 1604; x_wconf 88' lang='lat' dir='ltr'>varia</span> <span class='ocrx_word' id='word_1_71' title='bbox 1321 1579 1464 1615; x_wconf 78' lang='lat' dir='ltr'>genera</span> 
     </span>
    </p>

    <p class='ocr_par' dir='ltr' id='par_1_5' title="bbox 90 1628 1462 1938">
     <span class='ocr_line' id='line_1_12' title="bbox 90 1628 1462 1682; baseline 0.004 -16"><span class='ocrx_word' id='word_1_72' title='bbox 90 1646 126 1667; x_wconf 94' lang='lat'>10</span> <span class='ocrx_word' id='word_1_73' title='bbox 143 1630 351 1667; x_wconf 87' lang='lat' dir='ltr'>bestiarum</span> <span class='ocrx_word' id='word_1_74' title='bbox 384 1629 442 1667; x_wconf 92' lang='lat' dir='ltr'>vel</span> <span class='ocrx_word' id='word_1_75' title='bbox 473 1629 643 1666; x_wconf 85' lang='lat' dir='ltr'>cicurum</span> <span class='ocrx_word' id='word_1_76' title='bbox 676 1629 734 1666; x_wconf 88' lang='lat' dir='ltr'>vel</span> <span class='ocrx_word' id='word_1_77' title='bbox 771 1628 957 1666; x_wconf 87' lang='lat' dir='ltr'>ferarum!</span> <span class='ocrx_word' id='word_1_78' title='bbox 999 1630 1063 1679; x_wconf 92' lang='lat' dir='ltr'>qui</span> <span class='ocrx_word' id='word_1_79' title='bbox 1102 1631 1297 1668; x_wconf 90' lang='lat' dir='ltr'>volucrum</span> <span class='ocrx_word' id='word_1_80' title='bbox 1334 1633 1462 1682; x_wconf 84' lang='lat' dir='ltr'>lapsus</span> 
     </span>
     <span class='ocr_line' id='line_1_13' title="bbox 144 1693 1459 1744; baseline 0.002 -12"><span class='ocrx_word' id='word_1_81' title='bbox 144 1700 257 1744; x_wconf 87' lang='lat' dir='ltr'>atque</span> <span class='ocrx_word' id='word_1_82' title='bbox 282 1695 437 1731; x_wconf 85' lang='lat' dir='ltr'>cantus!</span> <span class='ocrx_word' id='word_1_83' title='bbox 482 1694 546 1742; x_wconf 89' lang='lat' dir='ltr'>qui</span> <span class='ocrx_word' id='word_1_84' title='bbox 576 1693 769 1742; x_wconf 89' lang='lat' dir='ltr'>pecudum</span> <span class='ocrx_word' id='word_1_85' title='bbox 793 1695 946 1743; x_wconf 79' lang='lat' dir='ltr'>pastus!</span> <span class='ocrx_word' id='word_1_86' title='bbox 987 1706 1087 1743; x_wconf 88' lang='lat' dir='ltr'>quae</span> <span class='ocrx_word' id='word_1_87' title='bbox 1113 1695 1187 1732; x_wconf 84' lang='lat' dir='ltr'>vita</span> <span class='ocrx_word' id='word_1_88' title='bbox 1213 1696 1459 1734; x_wconf 73' lang='lat' dir='ltr'>silvestrium!</span> 
     </span>
     <span class='ocr_line' id='line_1_14' title="bbox 143 1758 1458 1808; baseline 0.002 -12"><span class='ocrx_word' id='word_1_89' title='bbox 143 1759 249 1806; x_wconf 87' lang='lat' dir='ltr'>Quid</span> <span class='ocrx_word' id='word_1_90' title='bbox 280 1759 359 1796; x_wconf 89' lang='lat' dir='ltr'>iam</span> <span class='ocrx_word' id='word_1_91' title='bbox 389 1758 437 1796; x_wconf 89' lang='lat' dir='ltr'>de</span> <span class='ocrx_word' id='word_1_92' title='bbox 466 1758 668 1796; x_wconf 90' lang='lat' dir='ltr'>hominum</span> <span class='ocrx_word' id='word_1_93' title='bbox 697 1770 838 1807; x_wconf 85' lang='lat' dir='ltr'>genere</span> <span class='ocrx_word' id='word_1_94' title='bbox 868 1758 1020 1795; x_wconf 86' lang='lat' dir='ltr'>dicam?</span> <span class='ocrx_word' id='word_1_95' title='bbox 1059 1759 1122 1808; x_wconf 91' lang='lat' dir='ltr'>qui</span> <span class='ocrx_word' id='word_1_96' title='bbox 1153 1760 1263 1807; x_wconf 89' lang='lat' dir='ltr'>quasi</span> <span class='ocrx_word' id='word_1_97' title='bbox 1293 1762 1458 1799; x_wconf 91' lang='lat' dir='ltr'>cultores</span> 
     </span>
     <span class='ocr_line' id='line_1_15' title="bbox 141 1823 1458 1872; baseline 0.002 -11"><span class='ocrx_word' id='word_1_98' title='bbox 141 1831 261 1862; x_wconf 89' lang='lat' dir='ltr'>terrae</span> <span class='ocrx_word' id='word_1_99' title='bbox 281 1824 475 1862; x_wconf 89' lang='lat' dir='ltr'>constituti</span> <span class='ocrx_word' id='word_1_100' title='bbox 487 1835 568 1861; x_wconf 90' lang='lat' dir='ltr'>non</span> <span class='ocrx_word' id='word_1_101' title='bbox 586 1823 780 1872; x_wconf 85' lang='lat' dir='ltr'>patiuntur</span> <span class='ocrx_word' id='word_1_102' title='bbox 799 1834 885 1859; x_wconf 82' lang='lat' dir='ltr'>eam</span> <span class='ocrx_word' id='word_1_103' title='bbox 905 1835 976 1860; x_wconf 90' lang='lat' dir='ltr'>nec</span> <span class='ocrx_word' id='word_1_104' title='bbox 992 1823 1227 1861; x_wconf 86' lang='lat' dir='ltr'>immanitate</span> <span class='ocrx_word' id='word_1_105' title='bbox 1247 1825 1458 1863; x_wconf 90' lang='lat' dir='ltr'>belluarum</span> 
     </span>
     <span class='ocr_line' id='line_1_16' title="bbox 140 1888 1459 1938; baseline 0.002 -12"><span class='ocrx_word' id='word_1_106' title='bbox 140 1889 286 1926; x_wconf 84' lang='lat' dir='ltr'>efferari</span> <span class='ocrx_word' id='word_1_107' title='bbox 306 1901 378 1926; x_wconf 91' lang='lat' dir='ltr'>nec</span> <span class='ocrx_word' id='word_1_108' title='bbox 404 1889 577 1937; x_wconf 90' lang='lat' dir='ltr'>stirpium</span> <span class='ocrx_word' id='word_1_109' title='bbox 597 1888 797 1937; x_wconf 89' lang='lat' dir='ltr'>asperitate</span> <span class='ocrx_word' id='word_1_110' title='bbox 817 1888 978 1925; x_wconf 85' lang='lat' dir='ltr'>vastari:</span> <span class='ocrx_word' id='word_1_111' title='bbox 1009 1899 1249 1938; x_wconf 91' lang='lat' dir='ltr'>quorumque</span> <span class='ocrx_word' id='word_1_112' title='bbox 1277 1890 1459 1937; x_wconf 88' lang='lat' dir='ltr'>operibus</span> 
     </span>
    </p>

    <p class='ocr_par' dir='ltr' id='par_1_6' title="bbox 83 1953 1455 2123">
     <span class='ocr_line' id='line_1_17' title="bbox 83 1953 1455 2004; baseline 0 -12"><span class='ocrx_word' id='word_1_113' title='bbox 83 1973 117 2004; x_wconf 84' lang='lat'>15</span> <span class='ocrx_word' id='word_1_114' title='bbox 139 1954 220 2002; x_wconf 86' lang='lat' dir='ltr'>agri</span> <span class='ocrx_word' id='word_1_115' title='bbox 239 1953 384 1991; x_wconf 89' lang='lat' dir='ltr'>insulae</span> <span class='ocrx_word' id='word_1_116' title='bbox 413 1954 615 2002; x_wconf 89' lang='lat' dir='ltr'>littoraque</span> <span class='ocrx_word' id='word_1_117' title='bbox 642 1953 846 1998; x_wconf 92' lang='lat' dir='ltr'>collucent,</span> <span class='ocrx_word' id='word_1_118' title='bbox 869 1953 1045 1990; x_wconf 89' lang='lat' dir='ltr'>distincta</span> <span class='ocrx_word' id='word_1_119' title='bbox 1075 1953 1184 1991; x_wconf 91' lang='lat' dir='ltr'>tectis</span> <span class='ocrx_word' id='word_1_120' title='bbox 1218 1959 1255 1990; x_wconf 90' lang='lat' dir='ltr'>et</span> <span class='ocrx_word' id='word_1_121' title='bbox 1283 1955 1455 1992; x_wconf 87' lang='lat' dir='ltr'>urbibus.</span> 
     </span>
     <span class='ocr_line' id='line_1_18' title="bbox 139 2017 1454 2067; baseline 0 -11"><span class='ocrx_word' id='word_1_122' title='bbox 139 2018 251 2065; x_wconf 87' lang='lat' dir='ltr'>Quae</span> <span class='ocrx_word' id='word_1_123' title='bbox 272 2019 314 2064; x_wconf 89' lang='lat' dir='ltr'>si,</span> <span class='ocrx_word' id='word_1_124' title='bbox 327 2025 368 2056; x_wconf 90' lang='lat' dir='ltr'>ut</span> <span class='ocrx_word' id='word_1_125' title='bbox 387 2019 536 2064; x_wconf 87' lang='lat' dir='ltr'>animis,</span> <span class='ocrx_word' id='word_1_126' title='bbox 551 2018 606 2056; x_wconf 89' lang='lat' dir='ltr'>sic</span> <span class='ocrx_word' id='word_1_127' title='bbox 626 2017 747 2056; x_wconf 91' lang='lat' dir='ltr'>oculis</span> <span class='ocrx_word' id='word_1_128' title='bbox 767 2018 893 2055; x_wconf 89' lang='lat' dir='ltr'>videre</span> <span class='ocrx_word' id='word_1_129' title='bbox 907 2030 1122 2067; x_wconf 88' lang='lat' dir='ltr'>possemus,</span> <span class='ocrx_word' id='word_1_130' title='bbox 1139 2030 1256 2055; x_wconf 91' lang='lat' dir='ltr'>nemo</span> <span class='ocrx_word' id='word_1_131' title='bbox 1277 2027 1454 2057; x_wconf 85' lang='lat' dir='ltr'>cunctam</span> 
     </span>
     <span class='ocr_line' id='line_1_19' title="bbox 136 2082 1043 2123; baseline 0 -3"><span class='ocrx_word' id='word_1_132' title='bbox 136 2084 287 2121; x_wconf 89' lang='lat' dir='ltr'>intuens</span> <span class='ocrx_word' id='word_1_133' title='bbox 306 2089 445 2120; x_wconf 87' lang='lat' dir='ltr'>terram</span> <span class='ocrx_word' id='word_1_134' title='bbox 465 2082 659 2123; x_wconf 11' lang='lat' dir='ltr'>decdivina</span> <span class='ocrx_word' id='word_1_135' title='bbox 678 2083 824 2119; x_wconf 88' lang='lat' dir='ltr'>ratione</span> <span class='ocrx_word' id='word_1_136' title='bbox 846 2082 1043 2120; x_wconf 87' lang='lat' dir='ltr'>dubitaret.</span> 
     </span>
    </p>

    <p class='ocr_par' dir='ltr' id='par_1_7' title="bbox 133 2147 1452 2261">
     <span class='ocr_line' id='line_1_20' title="bbox 189 2147 1452 2197; baseline -0.001 -11"><span class='ocrx_word' id='word_1_137' title='bbox 189 2153 225 2186; x_wconf 88' lang='lat'>2.</span> <span class='ocrx_word' id='word_1_138' title='bbox 256 2148 308 2185; x_wconf 88' lang='lat' dir='ltr'>At</span> <span class='ocrx_word' id='word_1_139' title='bbox 338 2159 427 2185; x_wconf 91' lang='lat' dir='ltr'>vero</span> <span class='ocrx_word' id='word_1_140' title='bbox 458 2153 604 2197; x_wconf 87' lang='lat' dir='ltr'>quanta</span> <span class='ocrx_word' id='word_1_141' title='bbox 633 2147 750 2184; x_wconf 90' lang='lat' dir='ltr'>maris</span> <span class='ocrx_word' id='word_1_142' title='bbox 783 2153 840 2184; x_wconf 90' lang='lat' dir='ltr'>est</span> <span class='ocrx_word' id='word_1_143' title='bbox 865 2147 1128 2197; x_wconf 91' lang='lat' dir='ltr'>pulchritudo!</span> <span class='ocrx_word' id='word_1_144' title='bbox 1169 2160 1267 2197; x_wconf 86' lang='lat' dir='ltr'>quae</span> <span class='ocrx_word' id='word_1_145' title='bbox 1306 2149 1452 2197; x_wconf 89' lang='lat' dir='ltr'>species</span> 
     </span>
     <span class='ocr_line' id='line_1_21' title="bbox 133 2211 1450 2261; baseline -0.001 -11"><span class='ocrx_word' id='word_1_146' title='bbox 133 2213 315 2251; x_wconf 88' lang='lat' dir='ltr'>universi!</span> <span class='ocrx_word' id='word_1_147' title='bbox 351 2223 449 2261; x_wconf 91' lang='lat' dir='ltr'>quae</span> <span class='ocrx_word' id='word_1_148' title='bbox 473 2211 676 2248; x_wconf 86' lang='lat' dir='ltr'>multitudo</span> <span class='ocrx_word' id='word_1_149' title='bbox 697 2218 734 2249; x_wconf 87' lang='lat' dir='ltr'>et</span> <span class='ocrx_word' id='word_1_150' title='bbox 752 2213 912 2249; x_wconf 90' lang='lat' dir='ltr'>varietas</span> <span class='ocrx_word' id='word_1_151' title='bbox 935 2212 1169 2250; x_wconf 79' lang='lat' dir='ltr'>insularum!</span> <span class='ocrx_word' id='word_1_152' title='bbox 1199 2224 1296 2261; x_wconf 86' lang='lat' dir='ltr'>quae</span> <span class='ocrx_word' id='word_1_153' title='bbox 1322 2224 1450 2249; x_wconf 86' lang='lat' dir='ltr'>amoe—</span> 
     </span>
    </p>

    <p class='ocr_par' dir='ltr' id='par_1_8' title="bbox 74 2276 1451 2394">
     <span class='ocr_line' id='line_1_22' title="bbox 74 2276 1451 2326; baseline -0.003 -10"><span class='ocrx_word' id='word_1_154' title='bbox 74 2295 114 2316; x_wconf 67' lang='grc' dir='ltr'>,το</span> <span class='ocrx_word' id='word_1_155' title='bbox 134 2278 271 2315; x_wconf 87' lang='lat' dir='ltr'>nitates</span> <span class='ocrx_word' id='word_1_156' title='bbox 301 2288 454 2314; x_wconf 88' lang='lat' dir='ltr'>orarum</span> <span class='ocrx_word' id='word_1_157' title='bbox 487 2288 531 2313; x_wconf 90' lang='lat' dir='ltr'>ac</span> <span class='ocrx_word' id='word_1_158' title='bbox 565 2276 762 2313; x_wconf 89' lang='lat' dir='ltr'>littorum?</span> <span class='ocrx_word' id='word_1_159' title='bbox 790 2284 885 2326; x_wconf 91' lang='lat' dir='ltr'>quot</span> <span class='ocrx_word' id='word_1_160' title='bbox 905 2289 1047 2325; x_wconf 87' lang='lat' dir='ltr'>genera</span> <span class='ocrx_word' id='word_1_161' title='bbox 1074 2288 1266 2326; x_wconf 86' lang='lat' dir='ltr'>quamque</span> <span class='ocrx_word' id='word_1_162' title='bbox 1287 2276 1451 2324; x_wconf 83' lang='lat' dir='ltr'>disparia</span> 
     </span>
     <span class='ocr_line' id='line_1_23' title="bbox 133 2341 1449 2394; baseline -0.002 -14"><span class='ocrx_word' id='word_1_163' title='bbox 133 2343 270 2394; x_wconf 88' lang='lat' dir='ltr'>partim</span> <span class='ocrx_word' id='word_1_164' title='bbox 289 2342 583 2386; x_wconf 85' lang='lat' dir='ltr'>submersarum,</span> <span class='ocrx_word' id='word_1_165' title='bbox 604 2342 741 2390; x_wconf 85' lang='lat' dir='ltr'>partim</span> <span class='ocrx_word' id='word_1_166' title='bbox 762 2341 988 2380; x_wconf 82' lang='lat' dir='ltr'>fluitantium</span> <span class='ocrx_word' id='word_1_167' title='bbox 1008 2348 1045 2379; x_wconf 91' lang='lat' dir='ltr'>et</span> <span class='ocrx_word' id='word_1_168' title='bbox 1066 2342 1279 2379; x_wconf 88' lang='lat' dir='ltr'>innantium</span> <span class='ocrx_word' id='word_1_169' title='bbox 1307 2341 1449 2378; x_wconf 81' lang='lat' dir='ltr'>bellua-</span> 
     </span>
    </p>
   </div>
  </div>
 </body>
</html>
