1668 2509
81 751 122 772 20

76 1407 119 1437 30

80 1729 118 1760 35

140 57 237 96 chap.
258 55 297 88 v.
540 55 695 87 OMENS
725 55 825 86 Am)
855 57 977 86 ΗΒΕΑ
985 57 1059 88 MS.
1380 60 1393 86 1
1408 59 1454 99 2⁵3

140 143 195 193 M'.
216 155 418 202 Catonem,
441 157 505 206 qui
536 163 617 194 turn
637 157 688 194 ibi
710 163 827 202 erant,
851 157 987 194 doctos
1004 156 1193 197 homines,
1214 155 1459 192 vehementer

139 233 223 259 esse
243 223 461 271 perterritos
479 235 486 260 ε
517 223 647 271 paucis
669 234 759 260 sane
780 229 865 271 post
891 221 1026 259 diebus
1047 233 1094 258 ex
1125 220 1342 258 Pharsalica
1366 220 1458 269 fuga

140 288 287 325 venisse
319 287 555 325 Labienum:
598 288 663 336 qui
694 299 813 336 quum
847 288 1037 324 interitum
1077 287 1265 324 exercitus
1304 287 1456 323 nuntia-

140 352 263 397 visset,
283 352 426 401 reliqua
445 353 721 389 vaticinationis
741 352 843 389 brevi
865 364 949 390 esse
977 351 1164 389 confecta.
1221 351 1324 388 Nam
1348 358 1385 388 et
1412 364 1458 388 ex

140 417 284 454 horreis
319 418 505 466 direptum
545 417 787 467 effusumque
827 417 1059 455 frumentum
1098 417 1177 454 vias
1215 428 1352 454 omnes
1391 429 1457 453 an-

139 483 389 531 giportusque
420 490 701 530 constraverat3
742 490 779 520 et
813 495 929 520 naves
968 482 1093 520 subito
1132 482 1318 530 perterriti
1352 488 1457 518 metu

140 548 436 595 conscendistis;
468 555 504 585 et
531 555 649 585 noctu
676 549 725 585 ad
751 549 939 597 oppidum
966 547 1223 596 respicientes,
1251 546 1458 595 flagrantes

139 613 344 657 onerarias,
375 625 470 662 quas
508 613 757 650 incenderant
794 613 941 657 milites,
972 613 1061 662 quia
1100 612 1206 660 sequi
1244 611 1455 657 noluerant,

139 677 349 715 videbatis:
382 686 577 727 postremo
609 690 632 715 a
661 678 814 715 Rhodia
843 678 964 716 classe
996 678 1145 722 deserti,
1167 688 1298 713 verum
1331 684 1455 714 vatem

140 742 254 780 fuisse
275 744 455 781 sensistis.
1370 732 1372 735 ἡ

194 813 231 846 2.
260 809 322 847 Ti.
361 808 572 854 Gracchus,
612 809 653 847 P.
673 809 728 855 F„
760 810 825 858 qui
854 810 911 847 bis
950 809 1085 847 consul
1123 817 1160 847 et
1198 821 1336 847 censor
1373 807 1453 853 fuit,

138 873 316 923 idemque
345 882 382 911 et
403 886 574 911 summus
600 886 720 923 augur
748 882 785 911 et
803 874 858 911 vir
877 874 1031 923 sapiens
1059 875 1224 924 civisque
1245 880 1453 923 praestans,

139 951 270 976 nonne
291 938 347 991 (ut
368 939 411 977 C.
435 939 643 984 Gracchus,
666 940 763 976 filius
783 940 875 985 eius,
896 940 1081 989 scriptum
1100 938 1283 990 reliquit),
1302 939 1453 976 duobus

139 1005 328 1053 anguibus
349 1005 453 1042 domi
488 1004 788 1053 comprehensis,
809 1005 1031 1054 haruspices
1064 1005 1317 1042 convocavit?
1376 1003 1453 1049 Qui

102 1074 118 1104 5
139 1081 258 1118 quum
288 1070 584 1119 respondissent,
606 1070 636 1107 si
667 1082 812 1106 marem
846 1071 1044 1116 emisisset,
1079 1071 1190 1107 uxori
1223 1069 1326 1107 brevi
1356 1075 1453 1106 tem-

137 1146 232 1183 pore
251 1146 334 1172 esse
361 1135 626 1182 moriendum3
658 1136 688 1172 si
719 1135 913 1180 feminam,
943 1135 1038 1184 ipsi:
1069 1136 1226 1184 aequius
1253 1147 1337 1171 esse
1364 1146 1454 1171 cen-

137 1199 220 1244 suit,
241 1211 281 1237 se
301 1207 489 1237 maturam
517 1208 699 1249 oppetere
731 1207 906 1246 mortem,
929 1213 1044 1249 quam
1073 1199 1114 1237 P.
1135 1200 1304 1236 Africani
1338 1199 1454 1236 filiam

137 1265 446 1302 adolescentem:
490 1265 673 1303 feminam
711 1266 860 1303 emisit:
904 1265 985 1314 ipse
1023 1265 1156 1314 paucis
1192 1274 1281 1314 post
1319 1265 1453 1301 diebus

136 1336 192 1366 est
220 1338 401 1367 mortuus.

189 1398 226 1433 3.
259 1394 389 1444 Tages
409 1395 564 1444 quidam
585 1396 718 1433 dicitur
738 1396 778 1432 in
797 1407 891 1444 agro
913 1396 1193 1446 Tarquiniensi,
1215 1408 1335 1445 quum
1355 1403 1452 1432 terra

135 1466 312 1505 araretur,
333 1467 370 1497 et
389 1460 516 1497 sulcus
537 1460 647 1498 altius
669 1468 768 1498 esset
787 1461 1006 1510 impressus,
1027 1462 1215 1499 exstitisse
1239 1467 1394 1510 repente
1416 1467 1452 1497 et

135 1537 224 1562 eum
250 1525 387 1562 affatus
416 1537 513 1571 esse,
533 1526 598 1574 qui
624 1526 764 1563 arabat.
822 1526 862 1563 Is
891 1533 1018 1564 autem
1048 1526 1191 1576 Tages,
1211 1534 1253 1564 ut
1280 1527 1319 1564 in
1348 1527 1450 1563 libris

135 1597 193 1627 est
211 1590 473 1635 Etruscorum,
494 1591 628 1639 puerili
658 1591 784 1640 specie
811 1591 946 1629 dicitur
968 1592 1081 1637 visus,
1103 1593 1171 1630 sed
1201 1592 1308 1629 senili
1334 1592 1451 1636 fuisse

135 1656 345 1704 prudentia.
403 1656 497 1693 Eius
527 1663 685 1705 aspectu
713 1669 833 1705 quum
861 1657 1122 1707 obstupuisset
1150 1658 1347 1703 bubulcus,
1375 1658 1450 1695 cla-

135 1732 358 1770 moremque
379 1722 565 1759 maiorem
584 1734 673 1759 curn
693 1722 943 1759 admiratione
970 1723 1175 1768 edidisset;
1220 1735 1450 1760 concursum

136 1797 220 1823 esse
240 1786 393 1832 factum,
415 1793 612 1836 totamque
632 1786 736 1823 brevi
757 1787 987 1836 temporeiin
1007 1799 1095 1824 eum
1112 1787 1239 1825 locum
1258 1787 1449 1824 Etruriam

137 1852 361 1888 convenisse
376 1864 386 1898 ;
415 1857 497 1888 tum
517 1851 621 1888 illum
641 1851 751 1900 plura
770 1851 939 1888 locutum
963 1852 1091 1890 multis
1112 1853 1364 1899 audientibus,
1385 1853 1450 1902 qui

137 1916 268 1952 omnia
287 1916 368 1953 eius
381 1917 496 1953 verba
514 1917 735 1965 exceperint
754 1916 959 1965 litterisque
978 1917 1262 1955 mandaverint:
1291 1930 1450 1955 omnem

136 1987 264 2018 autem
302 1982 515 2018 orationem
551 1981 667 2018 fuisse
705 1994 802 2026 eam,
834 1994 910 2030 qua
947 1981 1214 2032 haruspicinae
1252 1983 1450 2032 disciplina

77 2055 120 2086 40
136 2047 413 2084 contineretur:
444 2059 530 2083 eam
549 2053 686 2095 postea
705 2047 866 2084 crevisse
885 2047 1000 2085 rebus
1023 2048 1133 2085 novis
1163 2049 1449 2097 cognoscendis

135 2119 172 2149 et
209 2112 260 2149 ad
297 2112 432 2149 eadem
469 2112 531 2149 illa
567 2112 753 2162 principia
798 2112 1016 2150 referendis.
1074 2112 1186 2150 Haec
1231 2114 1448 2161 accepimus

136 2177 184 2213 ab
214 2177 331 2226 ipsis:
378 2176 472 2214 haec
511 2178 651 2226 scripta
687 2183 937 2214 conservant:
979 2176 1083 2215 hunc
1120 2177 1268 2214 fontem
1306 2178 1447 2216 habent

127 2243 365 2299 disciplinae.

186 2313 227 2346 4.
260 2308 405 2346 Rarum
439 2316 496 2347 est
527 2308 723 2359 quoddam
753 2320 877 2358 genus
906 2319 1052 2353 eorum,
1073 2309 1138 2357 qui
1168 2320 1207 2346 se
1237 2321 1259 2346 a
1283 2320 1444 2358 corpore

759 2387 784 2411 Κ
807 2385 826 2411 2
