1668 2509
187 91 263 128 124
524 85 770 116 EXTRACTS
798 83 934 113 FROJI
964 83 1144 114 CICERO.
1341 83 1419 114 sect.
1438 82 1498 113 111.

179 193 341 224 avocent
379 191 417 223 et
455 185 504 223 ad
543 184 755 222 divinarum
794 195 919 220 rerum
958 182 1224 231 cognitionem
1263 193 1354 218 cura
1391 178 1556 225 om'ni45

179 252 382 300 studioque
402 251 608 300 rapiantur.
640 249 794 286 Horum
810 256 898 285 sunt
919 248 1076 296 auguria
1091 259 1171 284 non
1188 246 1303 284 divini
1319 247 1497 295 impetus,

180 317 248 354 sed
269 316 426 354 rationis
447 315 662 352 humanae:
692 326 782 350 nam
801 320 838 350 et
857 320 991 350 natura
1012 312 1138 349 futura
1167 311 1438 361 praesentiunt,
1458 316 1500 348 ut

180 394 365 430 aquarum
385 381 576 418 fluxiones
597 387 632 417 et
653 379 967 427 deflagrationem
995 378 1158 414 suturam
1178 376 1384 426 aliquando
1405 375 1500 413 caeli

182 454 296 496 atque
326 454 522 483 terrarum.
581 445 656 482 Alii
686 450 815 481 autem
848 444 888 481 in
921 443 1115 492 republica
1146 441 1351 486 exercitati,
1376 446 1416 478 ut
1451 441 1498 477 de

180 511 406 550 Atheniensi
441 511 583 547 Solone
616 509 846 558 accepimus,
879 508 1066 545 orientem
1100 507 1340 556 tyrannidem
1378 505 1498 543 multo
1517 522 1559 553 50

125 631 129 633 ‚
180 585 268 616 ante
299 577 563 626 prospiciunt:
599 587 696 625 quos
728 574 935 624 prudentes
970 586 1176 623 possumus
1211 573 1348 618 dicere,
1373 572 1412 609 id
1443 579 1500 609 est

181 644 422 693 providentes
438 655 447 688 ;
477 643 626 680 divinos
647 641 750 678 nullo
768 641 887 677 modo
908 651 1137 689 possumus;
1169 651 1249 676 non
1269 639 1365 687 plus,
1384 649 1499 686 quam

182 711 376 748 Milesium
415 709 592 753 Thalem,
623 708 699 756 qui,
733 714 774 744 ut
811 707 1076 755 obiurgatores
1115 717 1205 742 suos
1244 705 1499 749 convinceret,

180 776 475 823 ostenderetque
510 774 624 810 etiam
656 772 942 821 philosophum,
970 771 1000 808 si
1033 771 1068 808 ei
1101 770 1353 808 commodum
1388 776 1500 814 esset,

181 842 385 891 pecuniam
406 840 530 877 facere
550 850 678 888 posse,
699 849 857 875 omnem
877 837 1012 880 oleam,
1031 843 1235 886 antequam
1257 835 1392 872 florere
1412 847 1499 873 coe·
1518 858 1534 888 5
1542 857 1558 888 5

181 908 309 956 pisset,
343 906 383 942 in
421 916 514 953 agro
554 903 706 941 Milesio
745 903 933 940 coemisse
969 902 1114 939 dicitur.
1172 901 1501 938 Animadverterat

181 971 341 1009 fortasse
363 970 533 1019 quadam
554 969 723 1011 scientia,
745 968 915 1004 olearum
947 968 1160 1003 ubertatem
1186 966 1279 1003 sore.
1335 966 1385 1002 Et
1419 965 1500 1014 qui-

183 1037 271 1074 dem
291 1036 394 1072 idem
415 1035 561 1084 primus
583 1033 840 1070 defectionem
872 1032 971 1076 solis,
994 1044 1091 1081 quae
1118 1032 1287 1080 Astyage
1317 1037 1501 1079 regnante

182 1102 282 1138 sacta
308 1108 375 1145 est,
397 1099 632 1148 praedixisse
664 1097 788 1135 fertur.
847 1097 970 1134 Multa
996 1097 1145 1141 medici,
1166 1096 1285 1133 multa
1313 1097 1502 1145 guberna-

182 1174 295 1211 tores,
318 1165 509 1214 agricolae
531 1165 643 1201 etiarn
665 1163 782 1199 multa
803 1162 1086 1211 praesentiunt:
1119 1162 1187 1199 sed
1207 1162 1350 1198 nullam
1370 1173 1502 1198 eorum
1521 1171 1563 1202 60

183 1232 454 1270 divinationem
483 1241 593 1274 voco,
623 1240 672 1265 ne
701 1228 803 1264 illam
833 1227 1000 1276 quidem,
1028 1239 1105 1275 qua
1131 1228 1180 1263 ab
1212 1226 1504 1263 Anaximandro

184 1297 341 1347 physico
362 1294 498 1332 moniti
520 1293 819 1331 Lacedaemonii
840 1299 939 1333 sunt,
960 1300 1000 1329 ut
1020 1292 1154 1328 urbem
1175 1298 1212 1328 et
1231 1297 1331 1328 tecta
1357 1291 1504 1339 linque-

184 1370 268 1400 rent
300 1361 510 1408 armatique
543 1359 581 1395 in
613 1370 706 1407 agro
739 1358 983 1401 excubarent,
1006 1357 1111 1405 quod
1142 1367 1262 1393 terrae
1294 1364 1422 1393 motus
1449 1356 1505 1392 in-

184 1435 310 1472 staret,
332 1434 425 1470 tum,
448 1436 566 1474 quum
588 1431 625 1461 et
647 1424 736 1460 urbs
764 1430 844 1460 tota
864 1423 1013 1467 corruit,
1035 1430 1070 1458 et
1097 1434 1144 1458 ex
1172 1429 1303 1458 monte
1328 1420 1506 1469 Taygeto

185 1501 355 1530 extrema
385 1491 529 1528 montis
564 1490 673 1539 quasi
708 1489 848 1538 puppis
879 1487 1007 1524 avulsa
1045 1494 1111 1523 est.
1172 1485 1233 1523 Ne
1267 1484 1506 1534 Pherecydes
1525 1498 1564 1539 65

185 1558 354 1607 quidem,
376 1556 435 1593 ille
466 1555 707 1604 Pythagorae
740 1554 931 1602 magister,
956 1551 1084 1601 potius
1114 1551 1263 1587 divinus
1295 1549 1506 1593 habebitur,

186 1635 303 1674 quam
334 1622 538 1672 physicus;
569 1623 633 1670 qui
665 1632 784 1668 quum
810 1618 964 1655 vidisset
990 1617 1167 1653 haustam
1190 1627 1330 1664 aquam
1357 1614 1403 1651 de
1430 1614 1508 1662 iugi

189 1695 315 1738 puteo,
336 1693 458 1724 terrae
479 1693 608 1723 motus
630 1685 725 1722 dixit
745 1685 896 1722 instare.

693 1887 870 1926 CHAP.
920 1885 996 1923 VI.

243 2023 277 2057 1.
305 2018 518 2055 Veniamus
540 2016 589 2054 ad
614 2015 775 2053 somnia.
833 2013 999 2050 Matrem
1020 2012 1231 2049 Phalaridis
1258 2012 1387 2049 scribit
1407 2012 1510 2049 Pon·

193 2084 289 2122 ticus
319 2082 558 2126 Heraclides,
582 2082 717 2118 doctus
746 2080 811 2124 vir,
841 2079 990 2116 auditor
1019 2085 1057 2114 et
1085 2077 1296 2125 discipulus
1327 2077 1509 2122 Platonis,

192 2150 310 2186 visam
344 2160 428 2185 esse
462 2147 589 2184 videre
620 2146 659 2183 in
690 2145 836 2182 somnis
872 2144 1072 2180 simulacra
1108 2142 1280 2187 deorum,
1301 2154 1400 2190 quae
1429 2142 1511 2190 ipsa

195 2214 300 2252 domi
320 2212 644 2251 consecravisset:
675 2223 722 2248 ex
742 2210 801 2246 his
822 2208 1056 2245 Mercurium
1076 2220 1097 2244 e
1118 2214 1259 2256 patera,
1281 2219 1398 2256 quam
1417 2208 1510 2244 dex-

196 2290 251 2316 tra
269 2291 388 2315 manu
407 2284 562 2321 teneret,
585 2276 813 2325 sanguinem
833 2274 956 2310 visum
986 2285 1069 2309 esse
1097 2272 1277 2309 sundere:
1308 2272 1372 2322 qui
1393 2284 1510 2321 quum
1530 2285 1547 2315 5

198 2352 334 2381 terram
367 2343 551 2391 attigisset
583 2341 832 2378 refervescere
867 2338 1053 2375 videretur
1087 2337 1153 2382 sic,
1184 2343 1226 2374 ut
1258 2344 1338 2374 tota
1374 2329 1513 2375 domus
