<?xml version="1.0" encoding="UTF-8"?>
<!DOCTYPE html PUBLIC "-//W3C//DTD XHTML 1.0 Transitional//EN"
    "http://www.w3.org/TR/xhtml1/DTD/xhtml1-transitional.dtd">
<html xmlns="http://www.w3.org/1999/xhtml" xml:lang="en" lang="en">
 <head>
  <title>
</title>
<meta http-equiv="Content-Type" content="text/html;charset=utf-8" />
  <meta name='ocr-system' content='tesseract 3.04.00' />
  <meta name='ocr-capabilities' content='ocr_page ocr_carea ocr_par ocr_line ocrx_word'/>
</head>
<body>
  <div class='ocr_page' id='page_1' title='image "./extractsfromcice02ciceuoft_0074.png"; bbox 0 0 1668 2509; ppageno 0'>
   <div class='ocr_carea' id='block_1_1' title="bbox 141 68 1452 111">
    <p class='ocr_par' dir='ltr' id='par_1_1' title="bbox 141 68 1452 111">
     <span class='ocr_line' id='line_1_1' title="bbox 141 68 1452 111; baseline 0.002 -12"><span class='ocrx_word' id='word_1_1' title='bbox 141 73 153 99; x_wconf 86' lang='lat'>1</span> <span class='ocrx_word' id='word_1_2' title='bbox 163 69 216 111; x_wconf 84' lang='lat'>70</span> <span class='ocrx_word' id='word_1_3' title='bbox 476 69 539 99; x_wconf 89' lang='lat' dir='ltr'>EX</span> <span class='ocrx_word' id='word_1_4' title='bbox 544 68 633 99; x_wconf 74' lang='grc' dir='ltr'>ΤΚΛ</span> <span class='ocrx_word' id='word_1_5' title='bbox 641 69 722 100; x_wconf 86' lang='lat' dir='ltr'>CTS</span> <span class='ocrx_word' id='word_1_6' title='bbox 749 69 811 99; x_wconf 90' lang='lat' dir='ltr'>FR</span> <span class='ocrx_word' id='word_1_7' title='bbox 817 68 887 99; x_wconf 91' lang='lat' dir='ltr'>OM</span> <span class='ocrx_word' id='word_1_8' title='bbox 914 69 964 99; x_wconf 88' lang='lat' dir='ltr'>CI</span> <span class='ocrx_word' id='word_1_9' title='bbox 965 68 1051 99; x_wconf 83' lang='lat' dir='ltr'>CER</span> <span class='ocrx_word' id='word_1_10' title='bbox 1057 69 1096 99; x_wconf 83' lang='grc' dir='ltr'>Ο.</span> <span class='ocrx_word' id='word_1_11' title='bbox 1284 71 1364 102; x_wconf 86' lang='lat' dir='ltr'>Sect.</span> <span class='ocrx_word' id='word_1_12' title='bbox 1394 71 1452 102; x_wconf 83' lang='lat' dir='ltr'>IV.</span> 
     </span>
    </p>
   </div>
   <div class='ocr_carea' id='block_1_2' title="bbox 187 166 1504 217">
    <p class='ocr_par' dir='ltr' id='par_1_2' title="bbox 187 166 1504 217">
     <span class='ocr_line' id='line_1_2' title="bbox 187 166 1504 217; baseline 0.001 -12"><span class='ocrx_word' id='word_1_13' title='bbox 187 171 224 206; x_wconf 88' lang='lat'>7.</span> <span class='ocrx_word' id='word_1_14' title='bbox 254 166 309 205; x_wconf 93' lang='lat' dir='ltr'>Ut</span> <span class='ocrx_word' id='word_1_15' title='bbox 328 179 417 205; x_wconf 91' lang='lat' dir='ltr'>vero</span> <span class='ocrx_word' id='word_1_16' title='bbox 439 175 647 217; x_wconf 85' lang='lat' dir='ltr'>perpetuus</span> <span class='ocrx_word' id='word_1_17' title='bbox 667 167 800 205; x_wconf 91' lang='lat' dir='ltr'>mundi</span> <span class='ocrx_word' id='word_1_18' title='bbox 820 173 921 205; x_wconf 91' lang='lat' dir='ltr'>esset</span> <span class='ocrx_word' id='word_1_19' title='bbox 939 174 1096 205; x_wconf 89' lang='lat' dir='ltr'>ornatus</span> <span class='ocrx_word' id='word_1_20' title='bbox 1119 180 1263 217; x_wconf 86' lang='lat' dir='ltr'>magna</span> <span class='ocrx_word' id='word_1_21' title='bbox 1281 168 1452 206; x_wconf 90' lang='lat' dir='ltr'>adhibita</span> <span class='ocrx_word' id='word_1_22' title='bbox 1501 172 1504 174; x_wconf 73' lang='grc'>’</span> 
     </span>
    </p>
   </div>
   <div class='ocr_carea' id='block_1_3' title="bbox 110 233 1464 2362">
    <p class='ocr_par' dir='ltr' id='par_1_3' title="bbox 110 233 1460 1842">
     <span class='ocr_line' id='line_1_3' title="bbox 136 233 1454 281; baseline 0.002 -13"><span class='ocrx_word' id='word_1_23' title='bbox 136 245 227 269; x_wconf 91' lang='lat' dir='ltr'>cura</span> <span class='ocrx_word' id='word_1_24' title='bbox 246 239 304 270; x_wconf 89' lang='lat' dir='ltr'>est</span> <span class='ocrx_word' id='word_1_25' title='bbox 324 245 346 270; x_wconf 91' lang='lat' dir='ltr'>a</span> <span class='ocrx_word' id='word_1_26' title='bbox 366 233 604 281; x_wconf 83' lang='lat' dir='ltr'>providentia</span> <span class='ocrx_word' id='word_1_27' title='bbox 624 233 794 278; x_wconf 88' lang='lat' dir='ltr'>deorum,</span> <span class='ocrx_word' id='word_1_28' title='bbox 814 239 856 269; x_wconf 93' lang='lat' dir='ltr'>ut</span> <span class='ocrx_word' id='word_1_29' title='bbox 875 244 1027 281; x_wconf 81' lang='lat' dir='ltr'>semper</span> <span class='ocrx_word' id='word_1_30' title='bbox 1042 239 1171 270; x_wconf 85' lang='lat' dir='ltr'><strong>essent</strong></span> <span class='ocrx_word' id='word_1_31' title='bbox 1190 239 1227 270; x_wconf 89' lang='lat' dir='ltr'>et</span> <span class='ocrx_word' id='word_1_32' title='bbox 1245 233 1454 270; x_wconf 88' lang='lat' dir='ltr'>bestiarum</span> 
     </span>
     <span class='ocr_line' id='line_1_4' title="bbox 137 298 1455 346; baseline 0.001 -12"><span class='ocrx_word' id='word_1_33' title='bbox 137 309 279 346; x_wconf 88' lang='lat' dir='ltr'>genera</span> <span class='ocrx_word' id='word_1_34' title='bbox 299 304 336 334; x_wconf 91' lang='lat' dir='ltr'>et</span> <span class='ocrx_word' id='word_1_35' title='bbox 355 298 536 334; x_wconf 91' lang='lat' dir='ltr'>arborum</span> <span class='ocrx_word' id='word_1_36' title='bbox 556 298 806 346; x_wconf 90' lang='lat' dir='ltr'>omniumque</span> <span class='ocrx_word' id='word_1_37' title='bbox 825 309 964 343; x_wconf 87' lang='lat' dir='ltr'>rerum,</span> <span class='ocrx_word' id='word_1_38' title='bbox 985 309 1082 346; x_wconf 90' lang='lat' dir='ltr'>quae</span> <span class='ocrx_word' id='word_1_39' title='bbox 1103 309 1127 334; x_wconf 89' lang='lat' dir='ltr'>a</span> <span class='ocrx_word' id='word_1_40' title='bbox 1151 303 1250 334; x_wconf 90' lang='lat' dir='ltr'>terra</span> <span class='ocrx_word' id='word_1_41' title='bbox 1277 298 1455 346; x_wconf 89' lang='lat' dir='ltr'><strong>stirpibus</strong></span> 
     </span>
     <span class='ocr_line' id='line_1_5' title="bbox 137 361 1456 410; baseline 0.001 -12"><span class='ocrx_word' id='word_1_42' title='bbox 137 362 433 399; x_wconf 80' lang='lat' dir='ltr'>continerentur.</span> <span class='ocrx_word' id='word_1_43' title='bbox 492 361 603 407; x_wconf 86' lang='lat' dir='ltr'>Quae</span> <span class='ocrx_word' id='word_1_44' title='bbox 617 362 773 410; x_wconf 88' lang='lat' dir='ltr'>quidem</span> <span class='ocrx_word' id='word_1_45' title='bbox 789 362 922 399; x_wconf 90' lang='lat' dir='ltr'>omnia</span> <span class='ocrx_word' id='word_1_46' title='bbox 942 374 1027 398; x_wconf 90' lang='lat' dir='ltr'>eam</span> <span class='ocrx_word' id='word_1_47' title='bbox 1045 361 1122 398; x_wconf 89' lang='lat' dir='ltr'>vim</span> <span class='ocrx_word' id='word_1_48' title='bbox 1138 362 1295 399; x_wconf 90' lang='lat' dir='ltr'>seminis</span> <span class='ocrx_word' id='word_1_49' title='bbox 1313 361 1456 399; x_wconf 86' lang='lat' dir='ltr'>habent</span> 
     </span>
     <span class='ocr_line' id='line_1_6' title="bbox 133 426 1457 475; baseline 0.001 -12"><span class='ocrx_word' id='word_1_50' title='bbox 133 427 172 462; x_wconf 90' lang='lat' dir='ltr'>in</span> <span class='ocrx_word' id='word_1_51' title='bbox 193 439 244 469; x_wconf 91' lang='lat' dir='ltr'>se,</span> <span class='ocrx_word' id='word_1_52' title='bbox 266 433 307 463; x_wconf 93' lang='lat' dir='ltr'>ut</span> <span class='ocrx_word' id='word_1_53' title='bbox 327 439 374 463; x_wconf 82' lang='lat' dir='ltr'>ex</span> <span class='ocrx_word' id='word_1_54' title='bbox 393 438 473 463; x_wconf 92' lang='lat' dir='ltr'>uno</span> <span class='ocrx_word' id='word_1_55' title='bbox 494 426 603 474; x_wconf 88' lang='lat' dir='ltr'>plura</span> <span class='ocrx_word' id='word_1_56' title='bbox 626 433 866 475; x_wconf 82' lang='lat' dir='ltr'>generentur,</span> <span class='ocrx_word' id='word_1_57' title='bbox 886 426 1001 475; x_wconf 89' lang='lat' dir='ltr'>idque</span> <span class='ocrx_word' id='word_1_58' title='bbox 1026 438 1158 464; x_wconf 89' lang='lat' dir='ltr'>semen</span> <span class='ocrx_word' id='word_1_59' title='bbox 1185 426 1374 463; x_wconf 89' lang='lat' dir='ltr'>inclusum</span> <span class='ocrx_word' id='word_1_60' title='bbox 1399 433 1457 464; x_wconf 90' lang='lat' dir='ltr'>est</span> 
     </span>
     <span class='ocr_line' id='line_1_7' title="bbox 137 491 1455 541; baseline 0 -13"><span class='ocrx_word' id='word_1_61' title='bbox 137 492 176 528; x_wconf 89' lang='lat' dir='ltr'>in</span> <span class='ocrx_word' id='word_1_62' title='bbox 197 492 330 528; x_wconf 85' lang='lat' dir='ltr'>intima</span> <span class='ocrx_word' id='word_1_63' title='bbox 350 498 456 540; x_wconf 88' lang='lat' dir='ltr'>parte</span> <span class='ocrx_word' id='word_1_64' title='bbox 483 503 614 529; x_wconf 87' lang='lat' dir='ltr'>earum</span> <span class='ocrx_word' id='word_1_65' title='bbox 634 492 849 533; x_wconf 82' lang='lat' dir='ltr'>baccarum,</span> <span class='ocrx_word' id='word_1_66' title='bbox 871 503 969 540; x_wconf 91' lang='lat' dir='ltr'>quae</span> <span class='ocrx_word' id='word_1_67' title='bbox 989 504 1036 528; x_wconf 86' lang='lat' dir='ltr'>ex</span> <span class='ocrx_word' id='word_1_68' title='bbox 1057 503 1208 541; x_wconf 90' lang='lat' dir='ltr'>quaque</span> <span class='ocrx_word' id='word_1_69' title='bbox 1235 492 1350 541; x_wconf 83' lang='lat' dir='ltr'>stirpe</span> <span class='ocrx_word' id='word_1_70' title='bbox 1370 491 1455 529; x_wconf 85' lang='lat' dir='ltr'>fun-</span> 
     </span>
     <span class='ocr_line' id='line_1_8' title="bbox 136 556 1458 606; baseline 0 -12"><span class='ocrx_word' id='word_1_71' title='bbox 136 557 297 604; x_wconf 73' lang='lat' dir='ltr'>duntur,</span> <span class='ocrx_word' id='word_1_72' title='bbox 329 557 544 606; x_wconf 79' lang='lat' dir='ltr'>iisdemque</span> <span class='ocrx_word' id='word_1_73' title='bbox 572 557 780 594; x_wconf 88' lang='lat' dir='ltr'>seminibus</span> <span class='ocrx_word' id='word_1_74' title='bbox 808 562 845 594; x_wconf 92' lang='lat' dir='ltr'>et</span> <span class='ocrx_word' id='word_1_75' title='bbox 871 556 1048 594; x_wconf 89' lang='lat' dir='ltr'>homines</span> <span class='ocrx_word' id='word_1_76' title='bbox 1077 557 1223 594; x_wconf 88' lang='lat' dir='ltr'>affatim</span> <span class='ocrx_word' id='word_1_77' title='bbox 1252 563 1458 594; x_wconf 89' lang='lat' dir='ltr'>vescuntur</span> 
     </span>
     <span class='ocr_line' id='line_1_9' title="bbox 110 621 1454 671; baseline 0 -13"><span class='ocrx_word' id='word_1_78' title='bbox 110 628 171 659; x_wconf 83' lang='lat' dir='ltr'>.et</span> <span class='ocrx_word' id='word_1_79' title='bbox 193 629 311 658; x_wconf 85' lang='lat' dir='ltr'>terrae</span> <span class='ocrx_word' id='word_1_80' title='bbox 333 621 505 658; x_wconf 87' lang='lat' dir='ltr'>eiusdem</span> <span class='ocrx_word' id='word_1_81' title='bbox 533 622 685 670; x_wconf 81' lang='lat' dir='ltr'>generis</span> <span class='ocrx_word' id='word_1_82' title='bbox 717 622 890 670; x_wconf 84' lang='lat' dir='ltr'>stirpium</span> <span class='ocrx_word' id='word_1_83' title='bbox 923 622 1169 659; x_wconf 84' lang='lat' dir='ltr'>renovatione</span> <span class='ocrx_word' id='word_1_84' title='bbox 1204 622 1454 671; x_wconf 86' lang='lat' dir='ltr'>complentur.</span> 
     </span>
     <span class='ocr_line' id='line_1_10' title="bbox 135 686 1457 735; baseline 0 -11"><span class='ocrx_word' id='word_1_85' title='bbox 135 686 241 732; x_wconf 89' lang='lat' dir='ltr'>Quid</span> <span class='ocrx_word' id='word_1_86' title='bbox 262 687 395 735; x_wconf 83' lang='lat' dir='ltr'>loquar</span> <span class='ocrx_word' id='word_1_87' title='bbox 415 693 579 734; x_wconf 87' lang='lat' dir='ltr'>quantus</span> <span class='ocrx_word' id='word_1_88' title='bbox 601 698 709 724; x_wconf 88' lang='lat' dir='ltr'>amor</span> <span class='ocrx_word' id='word_1_89' title='bbox 731 687 935 724; x_wconf 89' lang='lat' dir='ltr'>bestiarum</span> <span class='ocrx_word' id='word_1_90' title='bbox 957 687 1004 724; x_wconf 92' lang='lat' dir='ltr'>sit</span> <span class='ocrx_word' id='word_1_91' title='bbox 1025 687 1065 723; x_wconf 88' lang='lat' dir='ltr'>in</span> <span class='ocrx_word' id='word_1_92' title='bbox 1094 687 1303 724; x_wconf 84' lang='lat' dir='ltr'>educandis</span> <span class='ocrx_word' id='word_1_93' title='bbox 1331 693 1457 724; x_wconf 86' lang='lat' dir='ltr'>custo-</span> 
     </span>
     <span class='ocr_line' id='line_1_11' title="bbox 135 751 1457 801; baseline 0.001 -12"><span class='ocrx_word' id='word_1_94' title='bbox 135 751 360 801; x_wconf 90' lang='lat' dir='ltr'>diendisque</span> <span class='ocrx_word' id='word_1_95' title='bbox 381 752 426 788; x_wconf 90' lang='lat' dir='ltr'>iis</span> <span class='ocrx_word' id='word_1_96' title='bbox 446 763 544 800; x_wconf 87' lang='lat' dir='ltr'>quae</span> <span class='ocrx_word' id='word_1_97' title='bbox 565 758 870 801; x_wconf 80' lang='lat' dir='ltr'>procreaverunt,</span> <span class='ocrx_word' id='word_1_98' title='bbox 890 763 1013 800; x_wconf 89' lang='lat' dir='ltr'>usque</span> <span class='ocrx_word' id='word_1_99' title='bbox 1034 752 1083 789; x_wconf 88' lang='lat' dir='ltr'>ad</span> <span class='ocrx_word' id='word_1_100' title='bbox 1111 764 1199 790; x_wconf 91' lang='lat' dir='ltr'>eum</span> <span class='ocrx_word' id='word_1_101' title='bbox 1227 752 1457 790; x_wconf 83' lang='lat' dir='ltr'>finem-dum</span> 
     </span>
     <span class='ocr_line' id='line_1_12' title="bbox 134 815 1456 867; baseline 0 -13"><span class='ocrx_word' id='word_1_102' title='bbox 134 817 285 867; x_wconf 81' lang='lat' dir='ltr'>possint</span> <span class='ocrx_word' id='word_1_103' title='bbox 306 829 345 854; x_wconf 92' lang='lat' dir='ltr'>se</span> <span class='ocrx_word' id='word_1_104' title='bbox 366 817 450 865; x_wconf 91' lang='lat' dir='ltr'>ipsa</span> <span class='ocrx_word' id='word_1_105' title='bbox 474 815 704 854; x_wconf 88' lang='lat' dir='ltr'>defendere?</span> <span class='ocrx_word' id='word_1_106' title='bbox 759 816 843 854; x_wconf 83' lang='lat' dir='ltr'>Etsi</span> <span class='ocrx_word' id='word_1_107' title='bbox 871 817 1008 866; x_wconf 88' lang='lat' dir='ltr'>pisces,</span> <span class='ocrx_word' id='word_1_108' title='bbox 1028 823 1070 854; x_wconf 93' lang='lat' dir='ltr'>ut</span> <span class='ocrx_word' id='word_1_109' title='bbox 1099 818 1215 862; x_wconf 90' lang='lat' dir='ltr'>aiunt,</span> <span class='ocrx_word' id='word_1_110' title='bbox 1237 829 1310 854; x_wconf 90' lang='lat' dir='ltr'>ova</span> <span class='ocrx_word' id='word_1_111' title='bbox 1339 829 1456 866; x_wconf 90' lang='lat' dir='ltr'>quum</span> 
     </span>
     <span class='ocr_line' id='line_1_13' title="bbox 135 881 1455 931; baseline 0 -11"><span class='ocrx_word' id='word_1_112' title='bbox 135 887 360 931; x_wconf 83' lang='lat' dir='ltr'>genuerunt,</span> <span class='ocrx_word' id='word_1_113' title='bbox 382 881 623 930; x_wconf 88' lang='lat' dir='ltr'>relinquunt:</span> <span class='ocrx_word' id='word_1_114' title='bbox 654 881 762 919; x_wconf 89' lang='lat' dir='ltr'>facile</span> <span class='ocrx_word' id='word_1_115' title='bbox 797 882 900 919; x_wconf 90' lang='lat' dir='ltr'>enim</span> <span class='ocrx_word' id='word_1_116' title='bbox 930 882 992 918; x_wconf 89' lang='lat' dir='ltr'>illa</span> <span class='ocrx_word' id='word_1_117' title='bbox 1019 893 1120 931; x_wconf 88' lang='lat' dir='ltr'>aqua</span> <span class='ocrx_word' id='word_1_118' title='bbox 1147 889 1184 919; x_wconf 91' lang='lat' dir='ltr'>et</span> <span class='ocrx_word' id='word_1_119' title='bbox 1214 883 1455 928; x_wconf 86' lang='lat' dir='ltr'>sustinentur,</span> 
     </span>
     <span class='ocr_line' id='line_1_14' title="bbox 137 946 1456 994; baseline -0.001 -9"><span class='ocrx_word' id='word_1_120' title='bbox 137 955 176 985; x_wconf 87' lang='lat' dir='ltr'>et</span> <span class='ocrx_word' id='word_1_121' title='bbox 209 947 326 984; x_wconf 83' lang='lat' dir='ltr'>fetum</span> <span class='ocrx_word' id='word_1_122' title='bbox 360 946 535 984; x_wconf 78' lang='lat' dir='ltr'>fundunt.</span> <span class='ocrx_word' id='word_1_123' title='bbox 593 946 828 984; x_wconf 84' lang='lat' dir='ltr'>Testudines</span> <span class='ocrx_word' id='word_1_124' title='bbox 857 954 983 984; x_wconf 88' lang='lat' dir='ltr'>autern</span> <span class='ocrx_word' id='word_1_125' title='bbox 1008 953 1046 984; x_wconf 92' lang='lat' dir='ltr'>et</span> <span class='ocrx_word' id='word_1_126' title='bbox 1072 948 1288 985; x_wconf 87' lang='lat' dir='ltr'>crocodilos</span> <span class='ocrx_word' id='word_1_127' title='bbox 1315 947 1456 994; x_wconf 87' lang='lat' dir='ltr'>dicunt,</span> 
     </span>
     <span class='ocr_line' id='line_1_15' title="bbox 137 1013 1457 1063; baseline 0.001 -12"><span class='ocrx_word' id='word_1_128' title='bbox 137 1026 255 1063; x_wconf 89' lang='lat' dir='ltr'>quum</span> <span class='ocrx_word' id='word_1_129' title='bbox 276 1014 316 1050; x_wconf 92' lang='lat' dir='ltr'>in</span> <span class='ocrx_word' id='word_1_130' title='bbox 344 1019 443 1050; x_wconf 88' lang='lat' dir='ltr'>terra</span> <span class='ocrx_word' id='word_1_131' title='bbox 469 1019 618 1062; x_wconf 87' lang='lat' dir='ltr'>partum</span> <span class='ocrx_word' id='word_1_132' title='bbox 648 1013 846 1058; x_wconf 87' lang='lat' dir='ltr'>ediderint,</span> <span class='ocrx_word' id='word_1_133' title='bbox 867 1014 1027 1050; x_wconf 80' lang='lat' dir='ltr'>obruere</span> <span class='ocrx_word' id='word_1_134' title='bbox 1060 1025 1143 1059; x_wconf 92' lang='lat' dir='ltr'>ova,</span> <span class='ocrx_word' id='word_1_135' title='bbox 1165 1013 1304 1051; x_wconf 90' lang='lat' dir='ltr'>deinde</span> <span class='ocrx_word' id='word_1_136' title='bbox 1335 1014 1457 1052; x_wconf 91' lang='lat' dir='ltr'>disce-</span> 
     </span>
     <span class='ocr_line' id='line_1_16' title="bbox 138 1078 1456 1128; baseline 0 -12"><span class='ocrx_word' id='word_1_137' title='bbox 138 1080 248 1116; x_wconf 90' lang='lat' dir='ltr'>dere:</span> <span class='ocrx_word' id='word_1_138' title='bbox 290 1079 343 1115; x_wconf 88' lang='lat' dir='ltr'>ita</span> <span class='ocrx_word' id='word_1_139' title='bbox 376 1084 413 1114; x_wconf 88' lang='lat' dir='ltr'>et</span> <span class='ocrx_word' id='word_1_140' title='bbox 452 1084 661 1115; x_wconf 84' lang='lat' dir='ltr'>nascuntur</span> <span class='ocrx_word' id='word_1_141' title='bbox 698 1085 735 1115; x_wconf 90' lang='lat' dir='ltr'>et</span> <span class='ocrx_word' id='word_1_142' title='bbox 773 1078 983 1116; x_wconf 81' lang='lat' dir='ltr'>educantur</span> <span class='ocrx_word' id='word_1_143' title='bbox 1012 1079 1095 1128; x_wconf 90' lang='lat' dir='ltr'>ipsa</span> <span class='ocrx_word' id='word_1_144' title='bbox 1124 1091 1192 1128; x_wconf 87' lang='lat' dir='ltr'>per</span> <span class='ocrx_word' id='word_1_145' title='bbox 1222 1091 1316 1117; x_wconf 91' lang='lat' dir='ltr'>sese.</span> <span class='ocrx_word' id='word_1_146' title='bbox 1373 1079 1456 1116; x_wconf 91' lang='lat' dir='ltr'>Iam</span> 
     </span>
     <span class='ocr_line' id='line_1_17' title="bbox 138 1143 1458 1193; baseline 0.001 -13"><span class='ocrx_word' id='word_1_147' title='bbox 138 1143 301 1192; x_wconf 80' lang='lat' dir='ltr'>gallinae</span> <span class='ocrx_word' id='word_1_148' title='bbox 323 1155 488 1192; x_wconf 77' lang='lat' dir='ltr'>avesque</span> <span class='ocrx_word' id='word_1_149' title='bbox 508 1143 674 1191; x_wconf 90' lang='lat' dir='ltr'>reliquae</span> <span class='ocrx_word' id='word_1_150' title='bbox 695 1150 732 1180; x_wconf 92' lang='lat' dir='ltr'>et</span> <span class='ocrx_word' id='word_1_151' title='bbox 751 1144 920 1192; x_wconf 90' lang='lat' dir='ltr'>quietum</span> <span class='ocrx_word' id='word_1_152' title='bbox 941 1145 1134 1193; x_wconf 88' lang='lat' dir='ltr'>requirunt</span> <span class='ocrx_word' id='word_1_153' title='bbox 1159 1143 1207 1181; x_wconf 90' lang='lat' dir='ltr'>ad</span> <span class='ocrx_word' id='word_1_154' title='bbox 1228 1144 1458 1193; x_wconf 90' lang='lat' dir='ltr'>pariendum</span> 
     </span>
     <span class='ocr_line' id='line_1_18' title="bbox 141 1208 1457 1258; baseline 0 -12"><span class='ocrx_word' id='word_1_155' title='bbox 141 1209 281 1254; x_wconf 89' lang='lat' dir='ltr'>locum,</span> <span class='ocrx_word' id='word_1_156' title='bbox 316 1214 352 1245; x_wconf 91' lang='lat' dir='ltr'>et</span> <span class='ocrx_word' id='word_1_157' title='bbox 386 1208 523 1245; x_wconf 90' lang='lat' dir='ltr'>cubilia</span> <span class='ocrx_word' id='word_1_158' title='bbox 556 1208 627 1245; x_wconf 89' lang='lat' dir='ltr'>sibi</span> <span class='ocrx_word' id='word_1_159' title='bbox 665 1208 853 1257; x_wconf 86' lang='lat' dir='ltr'>nidosque</span> <span class='ocrx_word' id='word_1_160' title='bbox 891 1216 1123 1255; x_wconf 89' lang='lat' dir='ltr'>construunt,</span> <span class='ocrx_word' id='word_1_161' title='bbox 1160 1221 1304 1258; x_wconf 90' lang='lat' dir='ltr'>eosque</span> <span class='ocrx_word' id='word_1_162' title='bbox 1342 1221 1457 1258; x_wconf 90' lang='lat' dir='ltr'>quam</span> 
     </span>
     <span class='ocr_line' id='line_1_19' title="bbox 138 1273 1459 1323; baseline 0 -12"><span class='ocrx_word' id='word_1_163' title='bbox 138 1280 300 1323; x_wconf 89' lang='lat' dir='ltr'>possunt</span> <span class='ocrx_word' id='word_1_164' title='bbox 330 1273 551 1310; x_wconf 84' lang='lat' dir='ltr'>mollissime</span> <span class='ocrx_word' id='word_1_165' title='bbox 583 1274 839 1320; x_wconf 77' lang='lat' dir='ltr'>substernunt,</span> <span class='ocrx_word' id='word_1_166' title='bbox 860 1280 901 1311; x_wconf 92' lang='lat' dir='ltr'>ut</span> <span class='ocrx_word' id='word_1_167' title='bbox 929 1285 1046 1322; x_wconf 91' lang='lat' dir='ltr'>quam</span> <span class='ocrx_word' id='word_1_168' title='bbox 1074 1274 1251 1311; x_wconf 87' lang='lat' dir='ltr'>facillime</span> <span class='ocrx_word' id='word_1_169' title='bbox 1281 1285 1353 1312; x_wconf 90' lang='lat' dir='ltr'>ova</span> <span class='ocrx_word' id='word_1_170' title='bbox 1381 1286 1459 1311; x_wconf 90' lang='lat' dir='ltr'>ser-</span> 
     </span>
     <span class='ocr_line' id='line_1_20' title="bbox 139 1338 1460 1388; baseline 0.002 -14"><span class='ocrx_word' id='word_1_171' title='bbox 139 1345 274 1376; x_wconf 79' lang='lat' dir='ltr'>ventur</span> <span class='ocrx_word' id='word_1_172' title='bbox 291 1352 298 1375; x_wconf 79' lang='lat' dir='ltr'>z</span> <span class='ocrx_word' id='word_1_173' title='bbox 329 1351 376 1375; x_wconf 80' lang='lat' dir='ltr'>ex</span> <span class='ocrx_word' id='word_1_174' title='bbox 397 1339 534 1387; x_wconf 91' lang='lat' dir='ltr'>quibus</span> <span class='ocrx_word' id='word_1_175' title='bbox 557 1338 683 1387; x_wconf 84' lang='lat' dir='ltr'>pullos</span> <span class='ocrx_word' id='word_1_176' title='bbox 705 1351 822 1388; x_wconf 91' lang='lat' dir='ltr'>quum</span> <span class='ocrx_word' id='word_1_177' title='bbox 843 1339 1082 1385; x_wconf 83' lang='lat' dir='ltr'>excluserint,</span> <span class='ocrx_word' id='word_1_178' title='bbox 1103 1340 1155 1376; x_wconf 90' lang='lat' dir='ltr'>ita</span> <span class='ocrx_word' id='word_1_179' title='bbox 1182 1346 1342 1386; x_wconf 89' lang='lat' dir='ltr'>tuentur,</span> <span class='ocrx_word' id='word_1_180' title='bbox 1362 1346 1404 1376; x_wconf 91' lang='lat' dir='ltr'>ut</span> <span class='ocrx_word' id='word_1_181' title='bbox 1424 1345 1460 1376; x_wconf 92' lang='lat' dir='ltr'>et</span> 
     </span>
     <span class='ocr_line' id='line_1_21' title="bbox 139 1402 1460 1458; baseline 0 -17"><span class='ocrx_word' id='word_1_182' title='bbox 139 1403 279 1452; x_wconf 89' lang='lat' dir='ltr'>pennis</span> <span class='ocrx_word' id='word_1_183' title='bbox 300 1403 464 1447; x_wconf 77' lang='lat' dir='ltr'>foveant,</span> <span class='ocrx_word' id='word_1_184' title='bbox 487 1415 534 1439; x_wconf 91' lang='lat' dir='ltr'>ne</span> <span class='ocrx_word' id='word_1_185' title='bbox 556 1402 694 1451; x_wconf 85' lang='lat' dir='ltr'>frigore</span> <span class='ocrx_word' id='word_1_186' title='bbox 716 1403 925 1448; x_wconf 82' lang='lat' dir='ltr'>laedantur,</span> <span class='ocrx_word' id='word_1_187' title='bbox 948 1410 994 1448; x_wconf 93' lang='lat' dir='ltr'>et,</span> <span class='ocrx_word' id='word_1_188' title='bbox 1018 1404 1049 1441; x_wconf 90' lang='lat' dir='ltr'>si</span> <span class='ocrx_word' id='word_1_189' title='bbox 1069 1410 1126 1441; x_wconf 89' lang='lat' dir='ltr'>est</span> <span class='ocrx_word' id='word_1_190' title='bbox 1147 1404 1250 1458; x_wconf 87' lang='lat' dir='ltr'>calor</span> <span class='ocrx_word' id='word_1_191' title='bbox 1269 1416 1291 1441; x_wconf 88' lang='lat' dir='ltr'>a</span> <span class='ocrx_word' id='word_1_192' title='bbox 1306 1404 1397 1450; x_wconf 91' lang='lat' dir='ltr'>sole,</span> <span class='ocrx_word' id='word_1_193' title='bbox 1419 1415 1460 1441; x_wconf 88' lang='lat' dir='ltr'>se</span> 
     </span>
     <span class='ocr_line' id='line_1_22' title="bbox 142 1467 1460 1518; baseline 0 -12"><span class='ocrx_word' id='word_1_194' title='bbox 142 1475 355 1518; x_wconf 91' lang='lat' dir='ltr'>opponant.</span> <span class='ocrx_word' id='word_1_195' title='bbox 414 1467 547 1513; x_wconf 85' lang='lat' dir='ltr'>Quum</span> <span class='ocrx_word' id='word_1_196' title='bbox 581 1475 708 1504; x_wconf 89' lang='lat' dir='ltr'>autem</span> <span class='ocrx_word' id='word_1_197' title='bbox 739 1468 831 1516; x_wconf 91' lang='lat' dir='ltr'>pulli</span> <span class='ocrx_word' id='word_1_198' title='bbox 862 1468 1040 1517; x_wconf 89' lang='lat' dir='ltr'>pennulis</span> <span class='ocrx_word' id='word_1_199' title='bbox 1080 1470 1133 1506; x_wconf 93' lang='lat' dir='ltr'>uti</span> <span class='ocrx_word' id='word_1_200' title='bbox 1172 1476 1345 1518; x_wconf 86' lang='lat' dir='ltr'>possunt,</span> <span class='ocrx_word' id='word_1_201' title='bbox 1378 1476 1460 1507; x_wconf 89' lang='lat' dir='ltr'>tum</span> 
     </span>
     <span class='ocr_line' id='line_1_23' title="bbox 142 1533 1457 1583; baseline 0.002 -14"><span class='ocrx_word' id='word_1_202' title='bbox 142 1533 288 1570; x_wconf 88' lang='lat' dir='ltr'>volatus</span> <span class='ocrx_word' id='word_1_203' title='bbox 310 1545 443 1570; x_wconf 88' lang='lat' dir='ltr'>eorum</span> <span class='ocrx_word' id='word_1_204' title='bbox 463 1540 603 1570; x_wconf 87' lang='lat' dir='ltr'>matres</span> <span class='ocrx_word' id='word_1_205' title='bbox 627 1540 922 1582; x_wconf 89' lang='lat' dir='ltr'>prosequuntur,</span> <span class='ocrx_word' id='word_1_206' title='bbox 944 1533 1088 1583; x_wconf 90' lang='lat' dir='ltr'>reliqua</span> <span class='ocrx_word' id='word_1_207' title='bbox 1121 1547 1211 1572; x_wconf 90' lang='lat' dir='ltr'>cura</span> <span class='ocrx_word' id='word_1_208' title='bbox 1244 1535 1457 1572; x_wconf 87' lang='lat' dir='ltr'>liberantur.</span> 
     </span>
     <span class='ocr_line' id='line_1_24' title="bbox 145 1598 1460 1636; baseline 0.002 -2"><span class='ocrx_word' id='word_1_209' title='bbox 145 1598 305 1635; x_wconf 90' lang='lat' dir='ltr'>Accedit</span> <span class='ocrx_word' id='word_1_210' title='bbox 326 1598 440 1635; x_wconf 88' lang='lat' dir='ltr'>etiam</span> <span class='ocrx_word' id='word_1_211' title='bbox 468 1598 516 1635; x_wconf 92' lang='lat' dir='ltr'>ad</span> <span class='ocrx_word' id='word_1_212' title='bbox 541 1598 814 1635; x_wconf 90' lang='lat' dir='ltr'>nonnullorum</span> <span class='ocrx_word' id='word_1_213' title='bbox 835 1599 1087 1635; x_wconf 88' lang='lat' dir='ltr'>animantium</span> <span class='ocrx_word' id='word_1_214' title='bbox 1115 1606 1151 1635; x_wconf 92' lang='lat' dir='ltr'>et</span> <span class='ocrx_word' id='word_1_215' title='bbox 1179 1611 1309 1636; x_wconf 90' lang='lat' dir='ltr'>earum</span> <span class='ocrx_word' id='word_1_216' title='bbox 1335 1611 1460 1636; x_wconf 90' lang='lat' dir='ltr'>rerum</span> 
     </span>
     <span class='ocr_line' id='line_1_25' title="bbox 144 1663 1460 1712; baseline 0 -12"><span class='ocrx_word' id='word_1_217' title='bbox 144 1676 239 1712; x_wconf 88' lang='lat' dir='ltr'>quas</span> <span class='ocrx_word' id='word_1_218' title='bbox 259 1670 357 1700; x_wconf 86' lang='lat' dir='ltr'>terra</span> <span class='ocrx_word' id='word_1_219' title='bbox 386 1663 508 1712; x_wconf 87' lang='lat' dir='ltr'>gignit</span> <span class='ocrx_word' id='word_1_220' title='bbox 537 1663 868 1700; x_wconf 87' lang='lat' dir='ltr'>conservationem</span> <span class='ocrx_word' id='word_1_221' title='bbox 899 1670 937 1700; x_wconf 94' lang='lat' dir='ltr'>et</span> <span class='ocrx_word' id='word_1_222' title='bbox 967 1663 1126 1700; x_wconf 88' lang='lat' dir='ltr'>salutem</span> <span class='ocrx_word' id='word_1_223' title='bbox 1155 1663 1356 1701; x_wconf 87' lang='lat' dir='ltr'>hominum</span> <span class='ocrx_word' id='word_1_224' title='bbox 1385 1663 1460 1700; x_wconf 91' lang='lat' dir='ltr'>sol·</span> 
     </span>
     <span class='ocr_line' id='line_1_26' title="bbox 144 1727 1460 1778; baseline 0.001 -14"><span class='ocrx_word' id='word_1_225' title='bbox 144 1729 251 1765; x_wconf 91' lang='lat' dir='ltr'>lertia</span> <span class='ocrx_word' id='word_1_226' title='bbox 271 1735 307 1765; x_wconf 92' lang='lat' dir='ltr'>et</span> <span class='ocrx_word' id='word_1_227' title='bbox 328 1728 532 1777; x_wconf 86' lang='lat' dir='ltr'>diligentia.</span> <span class='ocrx_word' id='word_1_228' title='bbox 589 1727 693 1765; x_wconf 90' lang='lat' dir='ltr'>Nam</span> <span class='ocrx_word' id='word_1_229' title='bbox 723 1728 863 1765; x_wconf 89' lang='lat' dir='ltr'>multae</span> <span class='ocrx_word' id='word_1_230' title='bbox 897 1735 934 1765; x_wconf 93' lang='lat' dir='ltr'>et</span> <span class='ocrx_word' id='word_1_231' title='bbox 952 1728 1120 1777; x_wconf 89' lang='lat' dir='ltr'>pecudes</span> <span class='ocrx_word' id='word_1_232' title='bbox 1141 1735 1178 1766; x_wconf 91' lang='lat' dir='ltr'>et</span> <span class='ocrx_word' id='word_1_233' title='bbox 1199 1729 1333 1778; x_wconf 88' lang='lat' dir='ltr'>stirpes</span> <span class='ocrx_word' id='word_1_234' title='bbox 1363 1734 1460 1774; x_wconf 88' lang='lat' dir='ltr'>sunt,</span> 
     </span>
     <span class='ocr_line' id='line_1_27' title="bbox 145 1792 1394 1842; baseline 0.001 -13"><span class='ocrx_word' id='word_1_235' title='bbox 145 1805 242 1841; x_wconf 88' lang='lat' dir='ltr'>quae</span> <span class='ocrx_word' id='word_1_236' title='bbox 264 1793 344 1829; x_wconf 90' lang='lat' dir='ltr'>sine</span> <span class='ocrx_word' id='word_1_237' title='bbox 365 1793 631 1842; x_wconf 83' lang='lat' dir='ltr'>procuratione</span> <span class='ocrx_word' id='word_1_238' title='bbox 651 1792 852 1829; x_wconf 87' lang='lat' dir='ltr'>hominurn</span> <span class='ocrx_word' id='word_1_239' title='bbox 872 1792 998 1830; x_wconf 89' lang='lat' dir='ltr'>salvae</span> <span class='ocrx_word' id='word_1_240' title='bbox 1017 1804 1102 1830; x_wconf 90' lang='lat' dir='ltr'>esse</span> <span class='ocrx_word' id='word_1_241' title='bbox 1121 1805 1202 1830; x_wconf 91' lang='lat' dir='ltr'>non</span> <span class='ocrx_word' id='word_1_242' title='bbox 1221 1800 1394 1842; x_wconf 88' lang='lat' dir='ltr'>possunt.</span> 
     </span>
    </p>

    <p class='ocr_par' dir='ltr' id='par_1_4' title="bbox 147 1857 1464 2362">
     <span class='ocr_line' id='line_1_28' title="bbox 201 1857 1463 1908; baseline 0.001 -14"><span class='ocrx_word' id='word_1_243' title='bbox 201 1861 239 1894; x_wconf 88' lang='lat'>8.</span> <span class='ocrx_word' id='word_1_244' title='bbox 270 1857 438 1907; x_wconf 82' lang='lat' dir='ltr'>Magnae</span> <span class='ocrx_word' id='word_1_245' title='bbox 459 1858 573 1895; x_wconf 84' lang='lat' dir='ltr'>etiam</span> <span class='ocrx_word' id='word_1_246' title='bbox 594 1859 896 1907; x_wconf 89' lang='lat' dir='ltr'>opportunitates</span> <span class='ocrx_word' id='word_1_247' title='bbox 911 1857 961 1894; x_wconf 90' lang='lat' dir='ltr'>ad</span> <span class='ocrx_word' id='word_1_248' title='bbox 977 1857 1119 1895; x_wconf 91' lang='lat' dir='ltr'>cultum</span> <span class='ocrx_word' id='word_1_249' title='bbox 1132 1858 1333 1895; x_wconf 91' lang='lat' dir='ltr'>hominum</span> <span class='ocrx_word' id='word_1_250' title='bbox 1349 1864 1463 1908; x_wconf 91' lang='lat' dir='ltr'>atque</span> 
     </span>
     <span class='ocr_line' id='line_1_29' title="bbox 149 1923 1464 1972; baseline 0.002 -13"><span class='ocrx_word' id='word_1_251' title='bbox 149 1923 423 1960; x_wconf 85' lang='lat' dir='ltr'>abundantiam</span> <span class='ocrx_word' id='word_1_252' title='bbox 443 1923 538 1960; x_wconf 89' lang='lat' dir='ltr'>aliae</span> <span class='ocrx_word' id='word_1_253' title='bbox 559 1923 640 1960; x_wconf 87' lang='lat' dir='ltr'>aliis</span> <span class='ocrx_word' id='word_1_254' title='bbox 653 1924 692 1960; x_wconf 90' lang='lat' dir='ltr'>in</span> <span class='ocrx_word' id='word_1_255' title='bbox 707 1923 800 1960; x_wconf 91' lang='lat' dir='ltr'>locis</span> <span class='ocrx_word' id='word_1_256' title='bbox 813 1923 1061 1971; x_wconf 88' lang='lat' dir='ltr'>reperiuntur.</span> <span class='ocrx_word' id='word_1_257' title='bbox 1118 1923 1339 1972; x_wconf 86' lang='lat' dir='ltr'>Aegyptum</span> <span class='ocrx_word' id='word_1_258' title='bbox 1352 1923 1464 1962; x_wconf 85' lang='lat' dir='ltr'>Nilus</span> 
     </span>
     <span class='ocr_line' id='line_1_30' title="bbox 150 1987 1464 2037; baseline 0.001 -12"><span class='ocrx_word' id='word_1_259' title='bbox 150 1989 289 2037; x_wconf 81' lang='lat' dir='ltr'>irrigat,</span> <span class='ocrx_word' id='word_1_260' title='bbox 311 1995 358 2033; x_wconf 92' lang='lat' dir='ltr'>et,</span> <span class='ocrx_word' id='word_1_261' title='bbox 386 2000 505 2036; x_wconf 90' lang='lat' dir='ltr'>quum</span> <span class='ocrx_word' id='word_1_262' title='bbox 535 1994 616 2025; x_wconf 88' lang='lat' dir='ltr'>tota</span> <span class='ocrx_word' id='word_1_263' title='bbox 646 1993 789 2025; x_wconf 83' lang='lat' dir='ltr'>aestate</span> <span class='ocrx_word' id='word_1_264' title='bbox 825 1988 1001 2024; x_wconf 89' lang='lat' dir='ltr'>obrutam</span> <span class='ocrx_word' id='word_1_265' title='bbox 1029 1987 1302 2037; x_wconf 88' lang='lat' dir='ltr'>oppletamque</span> <span class='ocrx_word' id='word_1_266' title='bbox 1332 1990 1464 2037; x_wconf 90' lang='lat' dir='ltr'>tenuit,</span> 
     </span>
     <span class='ocr_line' id='line_1_31' title="bbox 151 2053 1463 2102; baseline 0 -11"><span class='ocrx_word' id='word_1_267' title='bbox 151 2061 231 2091; x_wconf 91' lang='lat' dir='ltr'>tum</span> <span class='ocrx_word' id='word_1_268' title='bbox 251 2053 394 2090; x_wconf 89' lang='lat' dir='ltr'>recedit</span> <span class='ocrx_word' id='word_1_269' title='bbox 413 2053 656 2102; x_wconf 87' lang='lat' dir='ltr'>mollitosque</span> <span class='ocrx_word' id='word_1_270' title='bbox 681 2060 719 2089; x_wconf 93' lang='lat' dir='ltr'>et</span> <span class='ocrx_word' id='word_1_271' title='bbox 737 2053 940 2090; x_wconf 91' lang='lat' dir='ltr'>oblimatos</span> <span class='ocrx_word' id='word_1_272' title='bbox 965 2065 1078 2101; x_wconf 85' lang='lat' dir='ltr'>agros</span> <span class='ocrx_word' id='word_1_273' title='bbox 1105 2054 1153 2090; x_wconf 91' lang='lat' dir='ltr'>ad</span> <span class='ocrx_word' id='word_1_274' title='bbox 1177 2054 1381 2091; x_wconf 88' lang='lat' dir='ltr'>serendum</span> <span class='ocrx_word' id='word_1_275' title='bbox 1404 2066 1463 2091; x_wconf 92' lang='lat' dir='ltr'>re-</span> 
     </span>
     <span class='ocr_line' id='line_1_32' title="bbox 147 2117 1463 2168; baseline 0.001 -13"><span class='ocrx_word' id='word_1_276' title='bbox 147 2117 293 2168; x_wconf 87' lang='lat' dir='ltr'>linquit.</span> <span class='ocrx_word' id='word_1_277' title='bbox 350 2117 676 2167; x_wconf 85' lang='lat' dir='ltr'>Mesopotamiam</span> <span class='ocrx_word' id='word_1_278' title='bbox 697 2118 856 2155; x_wconf 88' lang='lat' dir='ltr'>fertilem</span> <span class='ocrx_word' id='word_1_279' title='bbox 891 2117 1005 2154; x_wconf 90' lang='lat' dir='ltr'>efficit</span> <span class='ocrx_word' id='word_1_280' title='bbox 1031 2117 1256 2167; x_wconf 87' lang='lat' dir='ltr'>Euphrates,</span> <span class='ocrx_word' id='word_1_281' title='bbox 1277 2119 1318 2155; x_wconf 91' lang='lat' dir='ltr'>in</span> <span class='ocrx_word' id='word_1_282' title='bbox 1346 2130 1463 2167; x_wconf 88' lang='lat' dir='ltr'>quam</span> 
     </span>
     <span class='ocr_line' id='line_1_33' title="bbox 151 2182 1464 2233; baseline 0.001 -13"><span class='ocrx_word' id='word_1_283' title='bbox 151 2183 359 2232; x_wconf 84' lang='lat' dir='ltr'>quotannis</span> <span class='ocrx_word' id='word_1_284' title='bbox 392 2183 501 2231; x_wconf 89' lang='lat' dir='ltr'>quasi</span> <span class='ocrx_word' id='word_1_285' title='bbox 531 2194 653 2220; x_wconf 88' lang='lat' dir='ltr'>novos</span> <span class='ocrx_word' id='word_1_286' title='bbox 687 2194 800 2231; x_wconf 83' lang='lat' dir='ltr'>agros</span> <span class='ocrx_word' id='word_1_287' title='bbox 829 2183 981 2219; x_wconf 89' lang='lat' dir='ltr'>invehit.</span> <span class='ocrx_word' id='word_1_288' title='bbox 1039 2182 1158 2220; x_wconf 91' lang='lat' dir='ltr'>Indus</span> <span class='ocrx_word' id='word_1_289' title='bbox 1189 2195 1291 2229; x_wconf 89' lang='lat' dir='ltr'>vero,</span> <span class='ocrx_word' id='word_1_290' title='bbox 1312 2184 1376 2233; x_wconf 90' lang='lat' dir='ltr'>qui</span> <span class='ocrx_word' id='word_1_291' title='bbox 1406 2190 1464 2221; x_wconf 87' lang='lat' dir='ltr'>est</span> 
     </span>
     <span class='ocr_line' id='line_1_34' title="bbox 153 2247 1463 2298; baseline 0.001 -14"><span class='ocrx_word' id='word_1_292' title='bbox 153 2249 327 2284; x_wconf 89' lang='lat' dir='ltr'>omnium</span> <span class='ocrx_word' id='word_1_293' title='bbox 346 2247 549 2284; x_wconf 90' lang='lat' dir='ltr'>fluminum</span> <span class='ocrx_word' id='word_1_294' title='bbox 567 2248 770 2292; x_wconf 80' lang='lat' dir='ltr'>maximus,</span> <span class='ocrx_word' id='word_1_295' title='bbox 791 2259 871 2284; x_wconf 90' lang='lat' dir='ltr'>non</span> <span class='ocrx_word' id='word_1_296' title='bbox 892 2260 992 2298; x_wconf 85' lang='lat' dir='ltr'>aqua</span> <span class='ocrx_word' id='word_1_297' title='bbox 1010 2248 1135 2285; x_wconf 90' lang='lat' dir='ltr'>solum</span> <span class='ocrx_word' id='word_1_298' title='bbox 1155 2260 1269 2297; x_wconf 86' lang='lat' dir='ltr'>agros</span> <span class='ocrx_word' id='word_1_299' title='bbox 1288 2248 1463 2285; x_wconf 86' lang='lat' dir='ltr'>laetificat</span> 
     </span>
     <span class='ocr_line' id='line_1_35' title="bbox 151 2312 1462 2362; baseline 0 -13"><span class='ocrx_word' id='word_1_300' title='bbox 151 2320 188 2350; x_wconf 87' lang='lat' dir='ltr'>et</span> <span class='ocrx_word' id='word_1_301' title='bbox 207 2313 365 2362; x_wconf 83' lang='lat' dir='ltr'>mitigat,</span> <span class='ocrx_word' id='word_1_302' title='bbox 387 2312 455 2350; x_wconf 88' lang='lat' dir='ltr'>sed</span> <span class='ocrx_word' id='word_1_303' title='bbox 474 2324 541 2351; x_wconf 91' lang='lat' dir='ltr'>eos</span> <span class='ocrx_word' id='word_1_304' title='bbox 562 2313 676 2350; x_wconf 87' lang='lat' dir='ltr'>etiam</span> <span class='ocrx_word' id='word_1_305' title='bbox 697 2314 888 2351; x_wconf 87' lang='lat' dir='ltr'>conserit:</span> <span class='ocrx_word' id='word_1_306' title='bbox 917 2325 1100 2362; x_wconf 88' lang='lat' dir='ltr'>magnam</span> <span class='ocrx_word' id='word_1_307' title='bbox 1127 2313 1230 2350; x_wconf 89' lang='lat' dir='ltr'>enim</span> <span class='ocrx_word' id='word_1_308' title='bbox 1256 2313 1330 2349; x_wconf 90' lang='lat' dir='ltr'>vim</span> <span class='ocrx_word' id='word_1_309' title='bbox 1351 2312 1462 2350; x_wconf 90' lang='lat' dir='ltr'>semi-</span> 
     </span>
    </p>
   </div>
   <div class='ocr_carea' id='block_1_4' title="bbox 1476 297 1536 328">
    <p class='ocr_par' dir='ltr' id='par_1_5' title="bbox 1476 297 1536 328">
     <span class='ocr_line' id='line_1_36' title="bbox 1476 297 1536 328; baseline -0.017 0"><span class='ocrx_word' id='word_1_310' title='bbox 1476 297 1536 328; x_wconf 81' lang='lat'>160</span> 
     </span>
    </p>
   </div>
   <div class='ocr_carea' id='block_1_5' title="bbox 1479 627 1535 668">
    <p class='ocr_par' dir='ltr' id='par_1_6' title="bbox 1479 627 1535 668">
     <span class='ocr_line' id='line_1_37' title="bbox 1479 627 1535 668; baseline 0 -10"><span class='ocrx_word' id='word_1_311' title='bbox 1479 627 1535 668; x_wconf 84' lang='lat'>165</span> 
     </span>
    </p>
   </div>
   <div class='ocr_carea' id='block_1_6' title="bbox 1482 1601 1542 1631">
    <p class='ocr_par' dir='ltr' id='par_1_7' title="bbox 1482 1601 1542 1631">
     <span class='ocr_line' id='line_1_38' title="bbox 1482 1601 1542 1631; baseline -0.017 0"><span class='ocrx_word' id='word_1_312' title='bbox 1482 1601 1542 1631; x_wconf 88' lang='lat'>180</span> 
     </span>
    </p>
   </div>
   <div class='ocr_carea' id='block_1_7' title="bbox 1483 1927 1542 1966">
    <p class='ocr_par' dir='ltr' id='par_1_8' title="bbox 1483 1927 1542 1966">
     <span class='ocr_line' id='line_1_39' title="bbox 1483 1927 1542 1966; baseline 0 -8"><span class='ocrx_word' id='word_1_313' title='bbox 1483 1927 1542 1966; x_wconf 90' lang='lat'>185</span> 
     </span>
    </p>
   </div>
   <div class='ocr_carea' id='block_1_8' title="bbox 1484 2260 1543 2292">
    <p class='ocr_par' dir='ltr' id='par_1_9' title="bbox 1484 2260 1543 2292">
     <span class='ocr_line' id='line_1_40' title="bbox 1484 2260 1543 2292; baseline -0.017 -10"><span class='ocrx_word' id='word_1_314' title='bbox 1484 2260 1543 2292; x_wconf 88' lang='lat'>190</span> 
     </span>
    </p>
   </div>
  </div>
 </body>
</html>
