1668 2509
148 71 159 88 '
173 70 271 111 chap.
293 69 353 102 111.
575 66 733 100 OMENS
762 66 862 98 ΛΝΒ
893 64 1098 98 DREAMS.
1415 68 1496 110 119

115 176 158 207 30
173 163 299 211 valuit,
320 163 360 202 id
389 163 514 209 valuit,
534 168 576 201 ut
602 168 808 213 peccatum
835 160 1008 199 haereret
1027 171 1107 198 non
1127 158 1167 197 in
1196 169 1243 197 eo
1273 157 1338 209 qui
1361 170 1501 196 monu-

173 229 253 276 erit,
275 229 344 267 sed
364 228 403 266 in
423 240 471 266 eo
491 228 557 277 qui
578 239 659 265 non
684 226 970 277 obtemperarit.

228 299 266 333 3.
297 294 430 342 Quid?
458 294 573 332 lituus
602 293 672 331 iste
696 299 830 338 vester,
852 291 958 342 quod
985 291 1239 330 clarissimum
1265 297 1324 329 est
1349 290 1500 340 insigne

174 367 392 410 auguratus,
426 359 531 397 unde
563 359 674 397 vobis
711 364 769 396 est
801 357 989 396 traditus?
1046 356 1200 406 Nempe
1230 368 1278 394 eo
1309 356 1500 394 Romulus

173 426 352 474 regiones
380 424 516 463 direxit
546 430 629 461 tum
660 435 781 474 quum
808 421 957 460 Urbem
989 421 1171 460 condidit.
1229 421 1308 468 Qui
1342 421 1499 470 quidem

115 500 154 532 35
174 489 333 528 Romuli
348 490 473 536 lituus,
493 489 532 527 id
552 496 609 527 est
636 489 838 527 incurvum
866 494 903 527 et
930 487 1060 526 leviter
1086 500 1109 525 a
1134 499 1288 525 summo
1314 487 1500 524 inflexum

173 556 366 602 bacillum,
387 554 493 605 quod
513 555 562 592 ab
589 555 670 593 eius
699 553 780 591 litui
806 565 884 603 quo
908 553 1055 590 canitur
1078 552 1326 590 similitudine
1353 563 1499 590 nomen

173 621 328 667 invenit,
364 632 485 669 quum
517 620 611 657 situs
637 626 738 657 esset
775 618 816 656 in
853 618 958 656 curia
996 617 1198 663 Saliorum,
1231 629 1329 667 quae
1364 623 1422 654 est
1459 616 1500 654 in

174 685 334 731 Palatio,
365 696 488 734 eaque
517 684 813 733 deflagravisset,
843 683 1020 721 inventus
1051 689 1109 721 est
1143 683 1304 731 integer.
1363 681 1499 728 Quid?

173 751 302 789 multis
322 750 433 788 annis
453 757 541 799 post
561 749 786 796 Romulum,
807 748 938 786 Prisco
958 754 1144 797 regnante
1164 747 1390 797 Tarquinio,
1412 747 1497 797 quis

115 830 158 860 40
174 824 344 855 veterum
373 816 605 866 scriptorum
633 827 715 853 non
742 814 921 864 loquitur,
951 826 1050 863 quae
1079 813 1128 851 sit
1157 814 1206 851 ab
1235 813 1342 851 Attio
1372 812 1498 850 Navio

173 894 242 932 per
268 881 405 919 lituum
433 881 637 930 regionum
667 879 767 918 facta
795 879 1030 928 descriptio?
1088 878 1168 926 Qui
1194 890 1314 928 quum
1342 884 1500 928 propter

173 953 440 997 paupertatem
469 958 557 985 sues
585 958 682 995 puer
709 951 896 995 pasceret,
916 956 995 982 una
1023 956 1071 981 ex
1099 943 1145 981 iis
1175 944 1327 990 amissa,
1347 944 1498 981 vovisse

173 1013 321 1058 dicitur,
342 1012 374 1050 si
392 1012 702 1062 recuperavisset,
723 1023 838 1049 uvam
859 1022 900 1048 se
921 1010 995 1048 deo
1016 1010 1194 1047 daturum
1208 1021 1307 1060 quae
1326 1009 1498 1046 maxima

174 1083 273 1116 esset
292 1078 331 1115 in
350 1078 482 1115 vinea:
512 1078 641 1127 itaque
662 1089 730 1115 sue
754 1076 921 1120 inventa,
942 1075 992 1113 ad
1018 1074 1219 1112 meridiem
1250 1081 1430 1123 spectans
1457 1076 1498 1112 in

114 1154 153 1186 45
173 1143 284 1181 vinea
302 1143 430 1181 media
450 1142 586 1180 dicitur
606 1141 822 1179 constitisse
837 1153 847 1188 ;
878 1152 1075 1190 quumque
1095 1140 1135 1177 in
1164 1145 1344 1190 quattuor
1370 1147 1498 1188 partes

175 1209 325 1247 vineam
363 1208 563 1254 divisisset,
604 1214 756 1257 tresque
798 1213 925 1257 partes
956 1218 1045 1244 aves
1079 1206 1327 1251 abdixissent,
1366 1211 1500 1255 quarta

171 1280 290 1324 parte,
311 1286 410 1323 quae
439 1280 519 1312 erat
541 1273 686 1323 reliqua
712 1273 753 1310 in
781 1272 942 1321 regione
969 1272 1178 1318 distributa,
1199 1271 1362 1308 mirabili
1389 1283 1499 1320 mag-

171 1339 343 1377 nitudine
362 1351 488 1384 uvam,
509 1346 549 1377 ut
576 1338 762 1388 scriptum
791 1337 978 1382 videmus,
999 1337 1153 1374 invenit.
1211 1335 1302 1382 Qua
1327 1348 1367 1373 re
1398 1336 1497 1373 cele-

170 1405 289 1452 brata,
320 1417 440 1454 quum
468 1404 581 1442 vicini
610 1415 747 1441 omnes
777 1403 826 1440 ad
855 1415 945 1440 eum
975 1402 1021 1439 de
1050 1402 1166 1440 rebus
1195 1402 1274 1439 suis
1303 1401 1496 1446 referrent,

112 1485 154 1516 50
172 1477 251 1508 erat
270 1471 309 1508 in
329 1481 472 1518 magno
493 1469 652 1506 nomine
674 1474 711 1506 et
729 1468 862 1517 gloria.
919 1466 979 1504 Ex
997 1478 1075 1516 quo
1096 1466 1239 1504 factum
1260 1473 1329 1512 est,
1345 1473 1386 1504 ut
1407 1479 1497 1504 eum

171 1536 220 1574 ad
240 1548 280 1574 se
300 1548 367 1573 rex
386 1535 540 1572 Priscus
559 1539 780 1572 arcesseret.
837 1533 957 1572 Cuius
974 1544 1096 1582 quum
1110 1538 1276 1569 tentaret
1296 1533 1496 1570 scientiam

170 1607 388 1651 auguratus,
420 1600 514 1637 dixit
542 1599 588 1645 ei,
618 1599 790 1648 cogitare
819 1610 861 1636 se
891 1597 1097 1647 quiddam;
1128 1596 1167 1634 id
1195 1603 1381 1646 possetne
1402 1597 1494 1644 fieri,

170 1667 373 1706 consuluit.
430 1666 510 1711 Ille,
534 1665 693 1714 augurio
723 1670 821 1709 acto,
842 1675 959 1713 posse
988 1662 1198 1712 respondit.
1257 1662 1494 1712 Tarquinius

170 1740 299 1771 autem
330 1732 435 1778 dixit,
470 1743 511 1769 se
545 1731 736 1779 cogitasse
770 1735 898 1768 cotem
930 1728 1119 1766 novacula
1156 1740 1274 1778 posse
1312 1729 1494 1778 praecidi.

112 1810 151 1842 55
172 1799 277 1836 Tum
296 1799 443 1835 Attium
463 1797 619 1834 iussisse
640 1795 813 1845 experiri.
871 1794 937 1832 Ita⁴
951 1799 1080 1832 cotem
1110 1793 1150 1830 in
1176 1794 1376 1832 comitium
1402 1795 1491 1832 alla-

170 1871 260 1909 tam,
281 1864 520 1913 inspectante
542 1869 579 1899 et
598 1874 688 1910 rege
709 1868 746 1899 et
765 1860 924 1910 populo,
945 1859 1135 1897 novacula
1164 1871 1248 1896 esse
1278 1859 1490 1897 discissam.

168 1928 228 1966 Ex
249 1940 297 1966 eo
323 1929 448 1966 evenit
474 1933 516 1965 ut
535 1934 574 1965 et
601 1927 837 1976 Tarquinius
862 1937 1006 1975 augure
1026 1925 1134 1962 Attio
1162 1923 1287 1962 Navio
1315 1932 1493 1972 uteretur,

169 2000 207 2032 et
238 1993 405 2044 populus
439 1993 487 2031 de
517 1993 595 2031 suis
623 1994 738 2030 rebus
767 1991 817 2028 ad
846 2003 935 2028 eum
966 1990 1130 2027 referret.
1191 1989 1331 2028 Cotem
1364 1997 1492 2028 autem

167 2061 271 2099 illam
290 2067 328 2098 et
346 2059 574 2097 novaculam
595 2059 790 2097 defossam
809 2057 849 2095 in
869 2056 1026 2095 comitio
1048 2068 1240 2107 supraque
1268 2056 1491 2106 impositum

109 2133 150 2165 60
166 2125 294 2177 puteal
314 2123 544 2174 accepimus.
