1668 2509
151 76 232 108 sect.
249 74 308 105 111.
608 61 805 102 SCJPJO'S
834 71 958 101 DREA
965 71 1015 102 M.
1397 76 1414 104 1
1421 78 1444 119 3
1449 75 1475 118 5

74 181 131 213 ¹45
152 172 301 217 accolit,
322 180 478 221 propter
497 170 803 221 magnitudinem
831 170 978 208 sonitus
1006 183 1122 208 sensu
1149 172 1330 209 audiendi
1360 179 1473 209 caret.

152 237 230 276 Hic
259 249 347 275 vero
378 243 505 274 tantus
535 243 590 274 est
621 236 736 274 totius
765 236 899 273 mundi
928 236 1190 274 incitatissima
1225 237 1472 274 conversione

152 303 313 347 sonitus,
334 310 375 340 ut
404 313 491 339 eum
522 313 632 338 aures
661 300 864 338 hominum
894 313 1030 350 capere
1063 313 1145 338 non
1179 302 1339 350 possint,
1375 302 1472 339 sicut

149 368 286 405 intueri
314 367 436 405 solem
463 366 666 404 adversum
693 366 868 415 nequitis,
900 366 1058 415 eiusque
1085 367 1198 404 radiis
1223 367 1325 404 acies
1349 375 1473 404 vestra

150 445 364 482 sensusque
393 429 576 469 vincitur.'
635 430 747 468 Haec
777 442 852 480 ego
881 431 1087 476 admirans,
1107 431 1319 470 referebam
1341 438 1469 469 tamen

71 512 82 533 ι
90 512 131 543 50
149 497 284 535 oculos
305 498 354 535 ad
373 504 512 535 terram
533 496 767 534 idemtidem.

202 567 269 600 10.
299 562 405 599 Tum
419 561 634 607 Africanus,
655 560 834 606 ‘Sentio‚'
848 561 981 610 inquit,
998 565 1058 599 ‘te
1079 561 1212 598 sedem
1232 562 1345 598 etiam
1365 573 1468 599 nunc

149 627 350 665 hominum
384 638 429 664 ac
459 626 619 663 domum
654 626 926 675 contemplari:
968 639 1066 676 quae
1101 627 1132 664 si
1166 627 1232 663 tibi
1266 639 1392 676 parva,
1428 634 1469 664 ut

148 698 216 737 est,
236 692 288 729 ita
307 691 476 736 videtur;
507 691 603 728 haec
633 691 810 728 caelestia
837 703 988 740 semper
1015 693 1196 740 spectato,
1218 692 1280 728 illa
1300 692 1468 729 humana

148 757 398 794 contemnito.
456 755 522 793 Tu
551 756 654 793 enim
684 767 801 804 quim
831 756 1090 794 celebritatem
1122 757 1309 794 sermonis
1346 757 1470 794 homi--

70 838 126 870 155
147 833 251 866 num,
273 829 338 859 aut
357 833 473 870 quam
496 821 752 870 expetendam
772 821 935 869 gloriam
955 822 1141 871 consequi
1162 823 1299 871 potes?
1346 822 1468 860 Vides

146 886 306 924 habitari
338 887 378 923 in
410 893 509 923 terra
542 887 634 923 raris
669 894 706 924 et
739 887 911 935 angustis
944 887 1051 933 locis,
1082 895 1118 924 et
1156 889 1196 925 in
1231 888 1324 937 ipsis
1358 889 1466 938 quasi

145 951 313 997 maculis,
343 952 408 989 ubi
444 951 644 997 habitatur,
680 959 806 989 vastas
842 952 1064 990 solitudines
1098 952 1335 990 interiectas:
1380 965 1465 991 eos-

145 1029 231 1066 que,
265 1017 330 1066 qui
359 1016 532 1054 incolunt
560 1023 711 1061 terram,
745 1029 826 1054 non
859 1018 979 1054 modo
1011 1018 1243 1067 interruptos
1278 1018 1330 1055 ita
1369 1031 1466 1063 esse,

145 1088 186 1118 ut
219 1081 312 1118 nihil
350 1081 447 1118 inter
483 1082 587 1130 ipsos
619 1082 667 1118 ab
702 1081 783 1118 aliis
818 1081 867 1118 ad
901 1081 996 1119 alios
1035 1094 1191 1119 manare
1231 1083 1363 1131 possit,
1399 1083 1465 1120 sed

67 1153 126 1184 160
144 1147 283 1195 partim
312 1146 502 1196 obliquos,
533 1147 669 1195 partim
698 1153 946 1192 transversos,
974 1147 1111 1196 partim
1142 1148 1257 1184 etiam
1286 1148 1466 1186 adversos

144 1218 242 1249 stare
279 1211 411 1249 vobis:
461 1224 483 1249 a
522 1212 660 1261 quibus
708 1218 928 1260 exspectare
973 1212 1136 1261 gloriam
1182 1220 1282 1250 certe
1322 1213 1466 1250 nullam

142 1277 316 1325 potestis.

197 1345 254 1380 11.
285 1342 445 1381 ‘Cernis
475 1350 603 1380 autern
632 1343 810 1381 eamdem
835 1349 975 1380 terram
1005 1344 1112 1392 quasi
1145 1344 1376 1393 quibusdam
1404 1355 1463 1382 re-

145 1407 317 1445 dimitam
349 1416 386 1446 et
419 1408 695 1446 circumdatam
727 1408 912 1456 cingulis;
953 1420 973 1445 e
1005 1409 1145 1458 quibus
1173 1409 1270 1446 duos
1297 1409 1463 1447 maxime

67 1478 123 1518 165
143 1471 242 1509 inter
270 1485 311 1511 se
340 1474 520 1519 diversos,
549 1480 585 1510 et
614 1473 708 1510 caeli
737 1473 938 1510 verticibus
969 1473 1060 1522 ipsis
1091 1486 1138 1510 ex
1166 1481 1326 1523 utraque
1355 1480 1461 1523 parte

145 1537 342 1583 subnixos,
382 1538 594 1586 obriguisse
637 1538 773 1587 pruina
817 1538 943 1585 vides;
982 1538 1154 1575 medium
1192 1546 1318 1576 autem
1357 1539 1463 1576 illum

143 1609 181 1639 et
208 1603 421 1640 maximum
451 1603 540 1640 solis
570 1603 705 1640 ardore
726 1604 879 1641 torreri:
911 1603 1008 1640 duos
1037 1603 1274 1649 habitabiles,
1298 1617 1463 1654 quorum

143 1667 315 1705 australis
353 1668 426 1713 ille,
459 1669 499 1705 in
538 1680 616 1717 quo
655 1669 721 1717 qui
758 1668 948 1714 insistunt,
981 1668 1140 1706 adversa
1177 1669 1286 1706 vobis
1323 1677 1462 1718 urgent

143 1732 312 1781 vestigia,
332 1733 424 1770 nihil
453 1733 502 1771 ad
531 1740 698 1770 vestrum
727 1745 872 1782 genus:
901 1733 962 1770 hic
991 1740 1118 1770 autem
1147 1734 1239 1771 alter
1268 1734 1461 1772 subiectus

67 1819 126 1849 ¹70
145 1797 325 1846 aquiloni,
355 1810 471 1847 quern
501 1799 678 1844 incolitis,
712 1810 824 1835 cerne
854 1810 971 1847 quarn
999 1799 1103 1835 tenui
1132 1811 1201 1836 vos
1229 1806 1335 1848 parte
1366 1811 1461 1836 con-

145 1864 286 1911 tingat:
330 1865 457 1901 omnis
491 1865 594 1901 enim
627 1870 736 1909 terra,
772 1875 871 1912 quae
910 1863 1045 1900 colitur
1083 1876 1106 1901 a
1142 1865 1262 1910 vobis,
1299 1872 1462 1913 angusta

145 1927 357 1973 verticibuS,
385 1928 566 1966 lateribus
603 1929 722 1974 latior,
759 1941 876 1978 parva
909 1929 1101 1977 quaedam
1135 1929 1259 1966 insula
1292 1938 1360 1975 est,
1390 1931 1461 1967 cir-

146 1991 321 2030 cumfusa
348 1992 411 2030 illo
439 1994 546 2039 mari,
577 1994 683 2043 quod
711 1994 956 2038 Atlanticum,
984 1994 1090 2042 quod
1118 2007 1314 2043 magnum,
1345 2008 1460 2045 quem

146 2056 346 2095 Oceanum
384 2059 583 2108 appellatis
625 2060 664 2096 in
702 2059 831 2096 terris:
880 2059 945 2107 qui
982 2066 1112 2095 tamen
1150 2067 1256 2096 tanto
1302 2061 1458 2098 nomine

68 2138 123 2168 ¹75
145 2133 262 2171 quam
291 2121 338 2158 sit
366 2134 514 2170 parvus,
537 2124 653 2161 vides.
711 2123 771 2160 Ex
801 2123 859 2161 his
886 2123 979 2172 ipsis
1009 2124 1117 2161 cultis
1145 2125 1322 2174 notisque
1352 2127 1458 2164 terris

144 2198 238 2223 num
277 2193 342 2223 aut
372 2193 480 2224 tuum
514 2195 578 2225 aut
613 2189 840 2237 cuiusquam
873 2195 1047 2225 nostrum
1085 2201 1230 2226 nomen
1266 2190 1323 2226 vel
1358 2189 1458 2228 Cau-

145 2263 278 2288 casum
310 2251 425 2296 hunc,
464 2264 580 2301 quern
617 2253 750 2298 cernis,
791 2253 1060 2290 transcendere
1097 2255 1220 2302 potuit
1257 2254 1313 2290 vel
1352 2255 1457 2292 illum

146 2315 325 2366 Gangem
353 2319 566 2356 tranatare?
623 2317 722 2364 Quis
749 2318 789 2355 in
817 2317 972 2366 reliquis
999 2318 1152 2355 orientis
1186 2326 1250 2355 aut
1280 2319 1458 2358 obeuntis
