1668 2509
130 67 208 126 178
478 75 725 107 EXTRACTS
752 75 887 106 FROM
917 75 1096 107 CICERO.
1282 77 1359 108 sect.
1380 78 1438 108 ιν.

125 173 364 211 nauticarum
401 183 528 208 rerum
563 170 782 217 scientiam
818 170 1066 220 plurimisque
1097 171 1296 210 maritimis
1325 173 1438 210 rebus
1456 186 1519 218 430

124 238 281 275 fruimur
301 244 413 286 atque
425 237 577 273 utimur.
626 235 886 273 Terrenorum
899 237 989 273 item
1005 236 1299 274 commodorum
1313 238 1440 276 omnis

124 303 239 341 estin
266 302 423 339 homine
447 301 676 338 dominatus.
734 299 818 337 Nos
848 301 1007 350 campis,
1031 312 1104 338 nos
1131 302 1328 339 montibus
1351 302 1441 340 frui-

124 381 232 414 mur;
262 367 383 405 nostri
411 373 500 404 sunt
529 378 675 412 amnes,
702 366 823 403 nostri
846 366 976 404 lacus:
1011 378 1083 403 nos
1109 365 1237 414 fruges
1269 367 1440 413 serimus,

123 445 196 471 nos
215 434 371 470 arbores
386 444 395 478 ;
426 443 498 468 nos
519 443 704 480 aquarum
724 430 1007 468 inductionibus
1028 431 1134 468 terris
1165 430 1439 470 fecunditatem

124 500 281 543 damus;
312 508 384 534 nos
411 496 570 532 flumina
594 507 780 540 arcemus,
807 495 1016 544 dirigimus,
1043 496 1268 541 avertimus3
1299 496 1439 534 nostris
1455 508 1517 540 435

124 563 290 612 denique
319 561 496 598 manibus
529 560 567 597 in
596 572 721 597 rerum
760 565 893 597 natura
932 560 1040 609 quasi
1076 561 1231 598 alteram
1266 567 1440 598 naturam

114 628 272 666 efficere
290 637 488 664 conamur.
546 624 651 670 Quid
666 625 782 662 vero?
813 624 1015 661 hominum
1030 625 1125 662 ratio
1139 637 1219 662 non
1239 625 1278 662 in
1291 625 1440 662 caelum

124 705 245 743 usque
267 691 502 742 penetravit?
561 689 639 727 Soli
660 690 763 726 enim
784 701 832 726 ex
861 689 1117 727 animantibus
1149 702 1221 727 nos
1251 697 1443 728 astrorum

125 765 243 803 ortus,
273 757 409 801 obitus,
440 767 648 804 cursusque
679 755 956 803 cognovimus;
991 755 1040 791 ab
1069 754 1270 792 hominum
1300 767 1442 804 genere

123 824 251 861 finitus
280 829 336 859 est
366 822 457 866 dies,
488 821 642 864 mensis,
674 832 797 856 annus
808 832 816 866 ;
862 819 1096 857 defectiones
1131 820 1221 857 solis
1253 827 1289 857 et
1326 820 1440 857 lunae
1459 831 1523 864 440

124 889 302 938 cognitae
337 887 631 936 praedictaeque
671 885 709 921 in
748 896 865 921 omne
900 891 1098 933 posterum
1133 891 1296 934 tempus,
1331 897 1442 933 quae,

124 961 301 1004 quantae,
318 951 474 1001 quando
488 951 634 988 futurae
652 951 736 987 sint.
795 949 907 995 Quae
924 943 1110 986 contuens
1133 950 1284 987 animus
1304 949 1443 998 accipit

125 1020 173 1057 ab
201 1019 260 1056 his
291 1017 553 1066 cognitionem
574 1015 745 1059 deorum,
774 1027 821 1051 ex
852 1026 927 1062 qua
958 1015 1075 1051 oritur
1105 1015 1238 1063 pietas,
1260 1015 1320 1052 cui
1349 1026 1442 1052 con-

124 1085 252 1122 iuncta
280 1083 421 1120 iustitia
454 1088 510 1119 est
539 1080 779 1129 reliquaeque
810 1080 975 1124 virtutes,
1007 1091 1028 1116 e
1057 1080 1195 1128 quibus
1225 1080 1300 1116 vita
1331 1080 1444 1116 beata

125 1149 270 1187 exsistit
298 1160 366 1196 par
386 1153 423 1183 et
452 1145 582 1183 similis
613 1145 772 1182 deorum
787 1158 795 1191 ;
826 1145 928 1182 nulla
947 1144 1020 1181 alia
1048 1157 1098 1190 re,
1119 1145 1191 1181 nisi
1220 1143 1442 1181 immortali-
1458 1152 1519 1184 445

123 1221 211 1259 tate,
233 1225 329 1263 quae
355 1211 447 1249 nihil
474 1211 523 1248 ad
549 1211 646 1247 bene
672 1209 876 1247 vivendum
904 1210 1077 1258 pertinet,
1106 1209 1247 1247 cedens
1271 1208 1442 1246 caelesti-

124 1282 207 1319 bus.
265 1278 415 1325 Quibus
445 1278 557 1314 rebus
579 1276 773 1325 expositis,
796 1276 885 1312 satis
916 1275 1093 1312 docuisse
1120 1275 1250 1312 videor
1275 1274 1443 1312 hominis

126 1353 260 1385 natura
293 1350 437 1394 quanto
472 1354 608 1380 omnes
642 1342 799 1379 anteiret
836 1341 1059 1378 animantes.
1116 1340 1175 1377 Ex
1214 1351 1292 1388 quo
1331 1339 1444 1376 debet

125 1411 291 1460 intelligi,
330 1421 402 1447 nec
441 1409 602 1457 figuram
650 1407 839 1454 situmque
877 1406 1148 1451 membrorum,
1188 1417 1259 1461 nec
1297 1404 1442 1453 ingenii

125 1477 340 1524 mentisque
361 1474 460 1510 viam
481 1473 596 1509 talem
616 1472 712 1509 effici
733 1472 902 1520 potuisse
922 1470 1086 1508 fortuna.
1458 1484 1522 1515 450

180 1546 243 1580 18.
275 1540 409 1577 Restat
437 1545 479 1575 ut
512 1538 674 1574 doceam
703 1544 816 1585 atque
845 1536 1051 1584 aliquando
1085 1548 1272 1584 perorem,
1300 1538 1441 1583 omnia,

126 1619 225 1657 quae
246 1606 321 1643 sint
340 1605 380 1641 in
406 1604 482 1640 hoc
511 1603 670 1646 mundo,
692 1602 829 1650 quibus
855 1607 1007 1637 utantur
1033 1600 1220 1648 homines,
1242 1603 1443 1640 hominum

127 1684 243 1710 causa
262 1670 362 1708 facta
381 1680 465 1706 esse
492 1673 529 1704 et
558 1673 700 1715 parata.
757 1665 949 1714 Principio
974 1666 1056 1714 ipse
1085 1667 1252 1705 mundus
1282 1668 1444 1705 deorum

127 1737 405 1784 hominumque
426 1745 543 1771 causa
562 1732 683 1769 factus
703 1737 772 1776 est,
792 1742 966 1780 quaeque
992 1731 1031 1767 in
1055 1743 1102 1768 eo
1127 1739 1214 1769 sunt
1237 1745 1282 1770 ea
1310 1739 1443 1782 parata

128 1802 178 1839 ad
205 1801 370 1838 fructum
399 1799 601 1836 hominum
632 1802 669 1833 et
696 1796 849 1833 inventa
883 1802 981 1832 sunt.
1038 1795 1107 1832 Est
1138 1798 1241 1834 enim
1272 1798 1440 1836 mundus
1459 1809 1521 1840 455

127 1867 238 1916 quasi
271 1864 486 1902 communis
520 1862 680 1899 deorum
709 1868 822 1909 atque
850 1860 1051 1897 hominum
1080 1861 1229 1907 domus,
1260 1869 1325 1900 aut
1351 1864 1443 1901 urbs

129 1938 388 1978 utrorumque.
447 1928 526 1965 Soli
553 1927 656 1964 enim
680 1927 826 1963 ratione
846 1932 994 1962 utentes
1017 1926 1097 1963 iure
1124 1938 1168 1963 ac
1197 1927 1282 1976 lege
1302 1929 1438 1965 vivunt.

129 1995 183 2033 Ut
202 1995 314 2044 igitur
334 1993 505 2030 Athenas
526 1998 562 2029 et
581 1991 917 2028 Lacedaemonem
936 1990 1230 2028 Atheniensium
1250 1991 1445 2030 Lacedae-

129 2060 425 2107 moniorumque
452 2069 567 2095 causa
594 2056 809 2104 putandum
835 2061 892 2092 est
918 2055 1092 2092 conditas
1118 2067 1214 2101 esse,
1238 2057 1445 2106 omniaque
1480 2047 1484 2050 ⁸

131 2137 231 2174 quae
259 2124 334 2161 sint
361 2123 402 2159 in
429 2122 488 2159 his
517 2122 673 2158 urbibus
710 2132 843 2157 eorum
872 2120 1105 2170 populorum
1135 2127 1236 2158 recte
1270 2133 1355 2159 esse
1388 2121 1443 2158 di·
1461 2121 1526 2162 460

133 2196 289 2228 cuntur:
319 2188 384 2232 sic,
405 2198 669 2235 quaecumque
691 2192 778 2222 sunt
797 2186 837 2221 in
857 2185 962 2221 omni
983 2185 1139 2230 mundo,
1156 2185 1317 2222 deorum
1332 2193 1446 2235 atque

134 2254 335 2291 hominum
363 2251 534 2300 putanda
564 2256 661 2287 sunt.
718 2249 803 2286 Iam
828 2260 917 2285 vero
944 2248 1121 2285 circuitus
1148 2249 1240 2286 solis
1269 2257 1307 2288 et
1334 2251 1447 2288 lunae

135 2319 443 2368 reliquorumque
472 2315 650 2360 siderum,
677 2325 912 2364 quamquam
936 2313 1050 2349 etiam
1076 2313 1127 2350 ad
1149 2314 1281 2351 mundi
1310 2315 1448 2353 cohae-
