1668 2509
164 95 180 123 1
193 82 243 123 16
492 87 649 120 EXTRA
658 87 739 119 CTS
767 87 905 119 FROM
933 87 1117 121 CICERO.
1329 90 1408 122 sect.
1426 91 1483 123 111.

159 201 299 229 omen:
327 194 407 227 erat
427 195 555 226 autem
574 194 747 226 mortuus
767 187 924 226 catellus
943 198 992 226 eo
1012 186 1182 225 nomine.
1230 186 1275 225 L.
1296 187 1480 226 Flaccum
1503 201 1565 224 210

160 255 359 293 flaminem
398 253 616 291 Martialem
653 264 728 302 ego
768 252 895 290 audivi
936 264 1056 301 quum
1095 252 1238 290 diceret
1274 252 1483 292 Caeciliam

162 320 320 365 Metelli,
353 331 474 369 quum
511 318 622 356 vellet
660 317 804 355 sororis
841 329 934 355 suae
967 317 1085 354 filiam
1117 317 1157 354 in
1194 317 1483 355 matrimonium

162 385 366 431 collocare,
406 384 530 421 exisse
569 383 609 420 in
647 382 844 433 quoddam
890 382 1074 420 sacellum
1120 382 1260 420 ominis
1307 383 1485 432 capiendi

164 463 291 497 causa,
331 449 438 500 quod
475 449 556 486 fieri
592 460 700 486 more
745 454 915 486 veterum
963 448 1123 486 solebat.
1197 446 1331 494 Quum
1377 448 1484 497 virgo

163 522 288 561 staret,
327 522 364 553 et
402 514 569 553 Caecilia
606 513 645 550 in
684 513 776 551 sella
815 514 976 559 sederet,
1013 525 1141 563 neque
1185 512 1250 551 diu
1295 512 1370 550 ulla
1409 524 1485 550 vox
1507 520 1565 550 2¹5

139 581 380 625 exstitisset,
420 579 588 629 puellam
636 577 884 627 defatigatam
931 578 1085 627 petiisse
1131 589 1154 614 a
1195 583 1399 615 matertera
1444 583 1488 615 ut

163 646 234 684 sibi
274 644 505 684 concederet
542 644 758 693 paullisper,
797 650 838 680 ut
880 643 920 680 in
957 643 1040 680 eius
1079 642 1170 680 sella
1206 643 1488 693 requiesceret:

164 712 267 750 illam
297 718 425 748 autem
455 710 607 755 dixisse,
629 709 767 755 ‘Vero‚
798 721 886 746 mea
915 708 1052 758 puella,
1080 709 1147 746 tibi
1177 708 1351 746 concedo
1381 719 1488 746 meas

164 776 299 815 sedes.’
359 774 478 822 Quod
508 786 625 812 omen
661 786 722 811 res
760 780 967 811 consecuta
997 779 1065 810 est.
1132 772 1223 822 Ipsa
1251 773 1354 810 enim
1383 773 1488 810 brevi

164 849 315 880 mortua
344 848 422 888 est;
461 840 568 888 virgo
597 846 725 876 autem
752 839 893 887 nupsit,
921 839 981 876 cui
1009 837 1176 875 Caecilia
1204 844 1325 887 nupta
1352 837 1484 876 suerat.
1506 843 1569 865 2²0

166 907 277 945 Haec
310 918 424 956 posse
456 904 651 943 contemni
685 903 742 941 vel
776 903 889 940 etiam
924 903 1036 940 rideri
1071 902 1264 952 praeclare
1294 903 1487 951 intelligo:

166 972 234 1011 sed
271 972 310 1009 id
347 971 473 1020 ipsum
512 975 581 1015 est,
613 969 706 1007 deos
744 979 824 1005 non
861 975 1008 1018 putare,
1038 979 1137 1017 quae
1176 967 1224 1004 ab
1263 967 1308 1005 iis
1343 966 1488 1017 signifi-

166 1044 300 1076 cantur
330 1042 589 1074 contemnere.

221 1107 284 1141 12.
314 1101 420 1148 Quid
468 1101 514 1138 de
561 1100 769 1149 auguribus
816 1097 977 1148 loquar?
1047 1098 1158 1136 Tuae
1204 1104 1331 1148 partes
1378 1104 1488 1136 sunt:

167 1175 288 1214 tuum,
318 1168 488 1216 inquam,
519 1165 778 1214 auspiciorum
807 1164 1063 1213 patrocinium
1098 1163 1211 1201 debet
1245 1176 1340 1201 esse.
1398 1163 1488 1202 Tibi
1507 1170 1567 1202 ²²5

168 1234 272 1284 App.
308 1232 492 1270 Claudius
528 1243 649 1279 augur
683 1229 832 1267 consuli
864 1229 1059 1274 nuntiavit,
1092 1228 1313 1266 addubitato
1350 1228 1488 1266 Salutis

169 1298 343 1347 augurio,
384 1296 528 1334 bellurn
566 1295 823 1333 domesticum
861 1294 966 1331 triste
1004 1305 1050 1331 ac
1087 1293 1346 1331 turbulentum
1383 1293 1488 1331 fore:

171 1364 277 1414 quod
311 1362 445 1413 paucis
480 1368 568 1411 post
599 1360 795 1397 mensibus
825 1366 1012 1404 exortum,
1042 1358 1288 1408 paucioribus
1317 1370 1340 1395 a
1367 1365 1403 1396 te
1433 1365 1490 1396 est

172 1430 307 1468 diebus
337 1438 579 1477 oppressum.
637 1425 709 1464 Cui
739 1424 896 1474 quidem
924 1424 1059 1473 auguri
1088 1423 1332 1462 vehementer
1358 1435 1490 1461 assen—

172 1495 255 1533 tior.
314 1493 427 1531 Solus
467 1492 571 1529 enim
607 1491 814 1528 multorum
852 1501 1043 1526 annorum
1080 1489 1268 1527 memoria
1304 1501 1386 1526 non
1424 1488 1490 1526 de-
1510 1493 1571 1524 ²30

172 1559 350 1598 cantandi
383 1557 529 1606 augurii
559 1556 630 1594 sed
665 1555 859 1593 divinandi
895 1554 1016 1592 tenuit
1054 1554 1304 1603 disciplinam.
1361 1553 1491 1599 Quem

172 1625 379 1663 irridebant
408 1623 578 1671 collegae
599 1621 663 1667 tui,
694 1632 859 1670 eumque
888 1626 970 1657 tum
998 1619 1281 1665 Pisida1n‚tum
1302 1618 1492 1656 Soranum

174 1701 359 1740 augurem
387 1701 470 1726 esse
492 1688 679 1725 dicebant.
739 1686 890 1732 Quibus
918 1685 1020 1722 nulla
1048 1685 1245 1722 videbatur
1264 1685 1303 1721 in
1323 1683 1491 1733 auguriis

176 1763 240 1794 aut
269 1755 448 1805 auspiciis
477 1752 699 1802 praesensio
729 1758 794 1788 aut
823 1751 982 1788 scientia
1010 1750 1174 1787 veritatis
1203 1749 1362 1795 futurae,
1392 1750 1492 1799 sapi-

176 1827 282 1859 enter
309 1820 462 1857 aiebant
496 1818 546 1855 ad
583 1817 808 1866 opinionem
846 1815 1111 1864 imperitorum
1149 1825 1232 1852 esse
1263 1814 1371 1852 fictas
1407 1814 1491 1851 reli·
1512 1821 1570 1851 ²35

177 1887 323 1936 giones.
382 1883 501 1930 Quod
529 1882 644 1930 longe
674 1893 784 1919 secus
814 1886 892 1918 est:
922 1891 1049 1929 neque
1079 1879 1183 1916 enim
1210 1879 1250 1916 in
1275 1879 1492 1928 pastoribus

177 1952 259 1996 illis,
296 1950 435 1999 quibus
466 1947 657 1985 Romulus
688 1945 861 1996 praefuit,
892 1957 966 1982 nec
999 1945 1039 1982 in
1076 1944 1161 1993 ipso
1193 1943 1364 1982 Romulo
1398 1945 1493 1984 haec

178 2016 361 2054 calliditas
390 2025 474 2051 esse
504 2012 639 2062 potuit,
668 2019 710 2049 ut
741 2011 789 2048 ad
818 2021 985 2048 errorem
1017 2009 1267 2047 multitudinis
1300 2010 1493 2060 religionis

179 2081 380 2120 simulacra
430 2078 630 2126 fingerent.
715 2075 792 2113 Sed
844 2074 1045 2112 difficultas
1091 2075 1277 2125 laborque
1321 2075 1494 2114 discendi

179 2147 358 2185 disertam
403 2142 677 2191 negligentiam
723 2140 896 2178 reddidit.
964 2139 1113 2178 Malunt
1159 2141 1263 2178 enim
1309 2141 1493 2179 disserere
1515 2146 1575 2176 240

179 2211 271 2250 nihil
299 2222 384 2248 esse
412 2209 454 2245 in
481 2207 670 2256 auspiciis,
701 2217 817 2255 quam
846 2205 938 2254 quid
967 2205 1014 2242 sit
1042 2205 1223 2243 ediscere.

235 2280 298 2314 13.
328 2273 434 2320 Quid
471 2279 529 2310 est
565 2272 627 2309 illo
665 2271 836 2319 auspicio
876 2270 1049 2316 divinius,
1088 2271 1195 2319 quod
1231 2271 1335 2321 apud
1380 2277 1416 2309 te
1454 2271 1493 2308 in

180 2341 304 2380 Mario
334 2339 416 2377 est?
453 2344 495 2376 ut
522 2344 605 2375 utar
633 2336 876 2387 potissimum
904 2341 940 2373 te
969 2341 1147 2373 auctore:
