1668 2509
172 71 244 109 126
510 78 757 110 EXTRACTS
786 79 922 109 FROM
951 79 1130 109 CICERO.
1322 80 1398 110 sect.
1425 79 1485 110 111.

165 175 322 214 historia
354 184 432 215 est:
464 177 495 215 is
516 184 641 216 autern
674 164 962 227 diligentissime
994 190 1054 215 res
1089 176 1321 216 Hannibalis
1355 190 1484 227 perse-
1525 167 1529 169 λ

167 247 277 279 cutus
312 249 390 279 est:
433 242 705 287 Hannibalem,
740 255 859 292 quum
899 244 1062 292 cepisset
1103 243 1328 291 Saguntum,
1360 245 1485 281 visum

167 317 251 343 esse
286 307 325 343 in
360 308 506 344 somnis
537 320 560 345 a
593 307 684 345 Iove
715 308 755 345 in
789 308 950 345 deorum
984 308 1190 345 concilium
1220 308 1369 346 vocari:
1406 320 1485 358 quo

166 383 284 419 quum
311 374 486 418 venisset,
508 373 642 410 Iovem
672 374 879 422 imperasse
910 379 951 410 ut
984 373 1114 410 Italiae
1146 373 1287 410 bellum
1319 373 1485 419 inferret,

167 436 383 487 ducemque
414 439 448 475 ei
478 451 599 476 unum
629 451 650 476 e
681 439 844 476 concilio
879 438 1034 483 datum;
1066 450 1144 486 quo
1179 438 1283 474 illum
1316 445 1486 476 utentem
1503 451 1542 482 45

167 514 254 538 cum
275 503 441 540 exercitu
470 504 648 553 progredi
679 504 875 552 coepisse;
906 510 987 540 tum
1013 503 1047 541 ei
1077 503 1213 540 ducem
1243 503 1348 540 illum
1376 515 1486 552 prae-

168 567 314 615 cepisse
349 580 398 605 ne
432 569 660 617 respiceret;
700 569 806 606 illum
837 575 965 606 autem
999 568 1038 606 id
1077 568 1215 605 diutius
1247 567 1372 606 facere
1406 580 1487 606 non

127 631 130 633 ’
167 632 336 680 potuisse
358 633 575 682 elatumque
597 634 803 683 cupiditate
822 634 1056 682 respexisse;
1090 640 1170 670 tum
1187 633 1306 670 visam
1321 633 1487 671 belluam

169 705 312 734 vastam
333 705 368 735 et
387 699 608 745 immanem,
632 699 955 748 circumplicatam
976 698 1226 746 serpentibus,
1245 710 1486 747 quacumque

169 762 371 808 incederet,
393 765 524 801 omnia
557 765 720 810 arbusta,
742 764 910 813 virgulta,
934 770 1034 801 tecta
1065 770 1276 812 pervertere
1291 775 1301 809 ;
1331 770 1368 800 et
1398 775 1487 801 eum
1504 774 1548 802 50

169 827 397 866 admiratum
430 830 622 879 quaesisse
645 831 692 867 de
716 829 789 867 deo
811 829 1010 878 quodnam
1039 828 1131 865 illud
1163 834 1262 865 esset
1282 828 1355 866 tale
1375 840 1485 866 mon-

170 899 313 930 strum:
343 900 381 931 et
414 894 528 931 deum
559 895 804 943 respondisse
838 894 1052 931 vastitatem
1083 905 1168 930 esse
1202 892 1344 938 Italiae,
1378 905 1488 943 prae-

171 959 394 1008 cepisseque
425 967 466 997 ut
498 966 674 1008 pergeret
708 960 906 1008 protinus;
938 958 1030 1008 quid
1061 965 1162 995 retro
1194 964 1306 1007 atque
1333 970 1356 996 a
1379 965 1488 1008 tergo

172 1023 275 1060 fieret
304 1036 352 1061 ne
373 1024 571 1061 laboraret.

228 1093 268 1126 5.
298 1089 415 1137 Apud
436 1089 689 1138 Agathoclem
710 1089 894 1138 scriptum
910 1088 949 1126 in
969 1088 1127 1126 historia
1143 1095 1211 1134 est,
1229 1087 1489 1126 Hamilcarem
1508 1098 1547 1129 55

174 1154 548 1203 Karthaginiensem,
576 1167 695 1204 quum
729 1161 971 1204 oppugnaret
1004 1155 1222 1204 Syracusas,
1254 1155 1376 1192 visum
1406 1167 1491 1192 esse

174 1221 304 1257 audire
335 1232 482 1264 vocem,
516 1232 557 1258 se
595 1221 778 1269 postridie
817 1228 1064 1258 caenaturum
1105 1220 1322 1269 Syracusis:
1370 1233 1491 1270 quum

174 1294 301 1322 autem
332 1286 363 1323 is
398 1286 478 1323 dies
511 1285 705 1331 illuxisset,
726 1297 909 1334 magnam
934 1285 1163 1322 seditionem
1192 1286 1231 1322 in
1256 1286 1387 1323 castris
1411 1286 1492 1323 eius

175 1352 270 1388 inter
301 1350 453 1388 Poenos
488 1358 525 1387 et
560 1350 707 1387 Siculos
742 1351 878 1387 milites
910 1362 993 1387 esse
1027 1350 1188 1388 factam:
1229 1350 1334 1400 quod
1372 1363 1491 1400 quum

175 1416 384 1453 sensissent
435 1415 674 1465 Syracusani,
714 1415 923 1465 improviso
962 1427 1030 1452 eos
1074 1415 1113 1452 in
1153 1423 1275 1453 castra
1313 1416 1492 1464 irrupisse
1512 1421 1554 1453 60

176 1480 515 1529 Hamilcaremque
536 1481 585 1517 ab
614 1481 659 1518 iis
686 1480 814 1517 vivum
847 1493 930 1518 esse
961 1480 1164 1518 sublatum.
1222 1480 1282 1517 Ita
1310 1493 1369 1518 res
1390 1493 1494 1518 som-

176 1547 283 1583 nium
315 1546 588 1595 comprobavit.
637 1545 755 1583 Plena
785 1545 1052 1595 exemplorum
1072 1551 1129 1583 est
1149 1545 1314 1591 historia,
1336 1552 1416 1583 tum
1434 1558 1495 1583 re·

177 1612 270 1648 ferta
297 1611 372 1647 vita
402 1611 630 1648 communis.

232 1681 270 1714 6.
300 1676 352 1712 At
371 1688 460 1713 vero
482 1675 521 1713 Ρ.
538 1675 680 1713 Decius
701 1675 761 1714 ille
782 1675 829 1722 Q.
853 1675 894 1713 F.
916 1676 980 1726 qui
1000 1676 1145 1725 primus
1166 1688 1186 1713 e
1206 1675 1337 1713 Deciis
1358 1676 1494 1713 consul

178 1742 256 1786 fuit,
293 1753 411 1790 quum
441 1746 543 1778 esset
573 1741 745 1778 tribunus
778 1741 940 1778 militum
974 1741 1028 1778 M.
1052 1741 1217 1786 Valerio,
1242 1741 1290 1778 A.
1313 1740 1493 1780 Cornelio
1513 1755 1551 1796 65

178 1807 410 1850 consulibus,
441 1817 464 1842 a
503 1804 814 1854 Samnitibusque
852 1814 1087 1855 premeretur
1124 1814 1255 1842 noster
1293 1807 1492 1852 exercitus,

178 1884 297 1922 quum
330 1870 498 1921 pericula
531 1871 758 1919 praeliorum
789 1871 897 1908 iniret
917 1871 1112 1914 audacius,
1134 1878 1430 1921 monereturque
1453 1880 1495 1910 ut

178 1939 323 1976 cautior
350 1943 460 1981 esset,
482 1936 585 1980 dixit,
607 1935 713 1984 quod
739 1942 863 1972 exstat
888 1935 928 1972 in
955 1936 1166 1980 annalibus,
1188 1936 1257 1972 sibi
1282 1936 1322 1972 in
1348 1937 1494 1975 somnis

177 2006 302 2041 visum
336 2014 430 2046 esse,
466 2012 584 2048 quum
618 2001 659 2037 in
692 2001 828 2038 mediis
860 2000 1034 2038 hostibus
1065 2008 1286 2046 versaretur,
1318 2001 1494 2039 occidere

179 2081 268 2107 cum
300 2066 469 2104 maxima
501 2065 631 2113 gloria.
688 2065 738 2102 Et
764 2072 844 2102 tum
873 2066 1028 2114 quidem
1054 2066 1256 2103 incolumis
1283 2067 1493 2104 exercitum
1515 2085 1555 2115 70

179 2134 381 2173 obsidione
418 2129 598 2167 liberavit.
655 2129 747 2166 Post
785 2131 990 2167 triennium
1030 2138 1168 2175 autern,
1201 2142 1320 2179 quum
1358 2132 1494 2169 consul

179 2207 290 2245 esset,
323 2197 474 2236 devovit
512 2206 564 2239 se,
594 2201 631 2232 et
669 2195 709 2231 in
747 2195 869 2232 aciem
899 2195 1123 2232 Latinorum
1153 2196 1285 2244 irrupit
1313 2203 1492 2234 armatus.

181 2267 271 2313 Quo
292 2264 373 2301 eius
393 2262 493 2299 facto
516 2260 681 2308 superati
698 2267 784 2297 sunt
803 2268 839 2297 et
860 2260 971 2297 deleti
991 2259 1128 2297 Latini.
1187 2259 1304 2298 Cuius
1319 2273 1423 2298 mors
1442 2261 1494 2299 ita

179 2331 346 2380 gloriosa
365 2328 433 2365 fuit
451 2334 492 2364 ut
513 2326 689 2364 eamdem
710 2326 997 2375 concupisceret
1016 2325 1125 2362 filius.
