1668 2509
152 88 230 132 108
504 95 660 127 EXTRA
668 95 748 127 cTS
777 95 915 126 FROM
942 95 1121 127 CICERO.
1319 96 1397 128 sect.
1419 95 1472 127 111.

147 203 334 243 monstra,
353 202 542 247 portenta,
564 196 740 246 prodigia
760 195 948 234 dicuntur.
1006 195 1126 242 Quod
1152 194 1183 233 si
1211 207 1257 233 ea
1285 194 1373 233 ficta
1393 207 1473 233 cre-

149 264 275 302 dimus
312 263 465 301 licentia
499 262 724 307 fabularum,
745 260 942 310 Mopsum,
960 260 1164 306 Tiresiam,
1184 258 1473 309 Amphiaraum,

149 325 411 370 Calchantem,
434 324 643 370 Helenum,
665 335 762 374 quos
783 329 911 360 tamen
931 334 1094 372 augures
1123 334 1173 359 ne
1193 322 1299 371 ipsae
1319 323 1473 372 quidem

149 388 300 426 fabulae
335 387 568 432 ascivissent,
589 387 620 424 si
652 398 712 424 res
747 385 908 422 omnino
929 385 1155 434 repudiaret,
1175 396 1224 421 ne
1255 384 1474 422 domesticis

149 451 304 500 quidem
342 450 528 499 exemplis
567 448 670 487 docti
713 459 857 485 numen
903 447 1065 485 deorum
1109 447 1474 496 comprobabimus?
1493 455 1532 487 ²5

147 512 252 550 Nihil
282 524 354 550 nos
384 511 426 550 P.
449 511 597 550 Claudii
617 509 716 548 bello
745 509 891 546 Punico
918 510 1044 558 primo
1069 509 1262 546 temeritas
1296 509 1474 555 movebit,

122 617 124 619 ,
149 578 213 627 qui
234 578 349 615 etiam
371 589 440 626 per
459 577 588 614 iocum
617 575 712 613 deos
737 574 908 619 irridens,
931 586 1050 624 quum
1071 586 1187 611 cavea
1213 572 1359 610 liberati
1385 573 1476 622 pulli

148 655 228 680 non
248 648 505 692 pascerentur,
526 641 648 690 mergi
668 652 736 678 eos
756 640 795 677 in
815 651 955 689 aquam
975 639 1094 685 iussit,
1114 646 1155 675 ut
1174 638 1359 684 biberent,
1379 649 1476 687 quo-
1516 650 1518 653 ·

149 708 253 744 niam
274 720 357 746 esse
385 707 559 745 nollent?
616 706 694 754 Qui
718 706 825 752 risus,
848 704 969 742 classe
992 704 1149 750 devicta,
1169 704 1307 742 multas
1331 704 1403 754 ipsi
1422 703 1475 741 la-

150 773 298 818 crimas,
319 785 503 821 magnam
523 772 668 822 populo
689 771 871 808 Romano
892 769 1040 807 cladem
1061 769 1192 807 attulit.
1494 785 1536 815 30

204 842 241 875 3.
272 837 405 884 Quid?
461 837 611 886 collega
644 837 724 874 eius
758 835 892 873 Iunius
921 836 1061 873 eodem
1090 835 1192 873 bello
1222 846 1353 872 nonne
1381 841 1477 872 tem-

151 910 294 952 qestate
316 903 479 940 classem
500 903 636 947 amisit,
657 913 776 951 quum
797 900 975 949 auspiciis
996 912 1076 937 non
1095 900 1308 950 paruisset?
1342 900 1477 948 Itaque

152 968 336 1007 Claudius
356 979 378 1004 a
398 967 545 1017 populo
574 966 855 1004 condemnatus
879 972 946 1011 est,
969 965 1102 1002 Iunius
1131 977 1268 1003 necem
1298 965 1368 1002 sibi
1395 965 1477 1014 ipse

151 1033 347 1071 conscivit.
406 1032 450 1070 C.
472 1032 704 1069 Flaminium
725 1030 877 1069 Caelius
897 1030 1078 1079 religione
1099 1030 1274 1079 neglecta
1294 1030 1477 1067 cecidisse

150 1099 254 1148 apud
275 1098 572 1135 Thrasimenum
603 1096 732 1134 scribit
761 1107 849 1133 cum
878 1107 1022 1144 magno
1051 1095 1283 1145 reipublicae
1311 1095 1476 1133 vulnere.
1498 1107 1536 1139 35

151 1163 327 1210 Quorum
360 1163 476 1200 exitio
502 1162 660 1211 intelligi
684 1167 823 1210 potest,
851 1172 983 1198 eorum
1010 1160 1177 1210 imperiis
1203 1160 1478 1210 rempublicam

154 1229 438 1278 amplificatam,
472 1229 537 1278 qui
570 1227 819 1276 religionibus
857 1227 1084 1275 paruissent.
1140 1225 1200 1272 Et,
1236 1226 1267 1263 si
1305 1225 1479 1263 conferre

155 1294 332 1331 volumus
364 1300 496 1330 nostra
527 1305 615 1330 cum
650 1292 827 1337 externis,
859 1291 994 1329 ceteris
1028 1292 1142 1328 rebus
1173 1297 1238 1328 aut
1271 1303 1382 1340 pares
1416 1297 1479 1328 aut

154 1359 267 1397 etiam
301 1358 500 1396 inferiores
533 1357 777 1408 reperiemur,
797 1356 989 1405 religione,
1010 1356 1049 1393 id
1083 1363 1141 1394 est
1171 1356 1274 1393 cultu
1307 1356 1478 1401 deorum,

156 1424 276 1461 multo
299 1424 526 1473 superiores.
583 1423 649 1460 An
668 1422 762 1459 Attii
786 1421 897 1459 Navii
923 1421 1036 1458 lituus
1056 1420 1127 1467 ill'e,
1149 1428 1227 1471 quo
1244 1420 1303 1458 'ad
1327 1420 1480 1458 investi·
1498 1438 1539 1468 40

155 1489 325 1537 gandum
346 1500 456 1526 suem
476 1488 654 1537 regiones
674 1487 808 1525 vineae
827 1486 1050 1532 terminant,
1071 1485 1378 1523 contemnendus
1397 1487 1480 1524 est?

155 1553 376 1598 Crederem,
398 1552 471 1590 nisi
498 1553 578 1590 eius
604 1552 763 1601 augurio
783 1564 849 1589 rex
872 1550 1061 1588 Hostilius
1086 1551 1255 1587 maxima
1276 1549 1376 1588 bella
1394 1562 1481 1599 ges·

156 1619 277 1655 sisset.
336 1617 413 1655 Sed
433 1618 668 1666 negligentia
695 1617 902 1654 nobilitatis
925 1616 1073 1665 augurii
1102 1615 1302 1665 disciplina
1328 1616 1481 1661 omissa,

155 1684 292 1721 veritas
311 1683 570 1732 auspiciorum
586 1688 713 1732 spreta
733 1689 798 1728 est,
815 1682 962 1731 species
982 1688 1130 1718 tantum
1149 1687 1306 1717 retenta.
1345 1679 1480 1730 Itaque

157 1749 347 1786 maximae
381 1748 611 1797 reipublicae
639 1755 776 1797 partes,
797 1747 836 1784 in
864 1747 922 1784 his
950 1747 1060 1793 bella,
1081 1746 1219 1795 quibus
1246 1746 1479 1795 reipublicae
1496 1766 1535 1796 45

159 1813 261 1850 salus
294 1813 520 1859 continetur,
541 1813 652 1850 nullis
681 1812 858 1862 auspiciis
889 1811 1220 1857 administrantur3
1259 1811 1362 1847 nulla
1394 1823 1480 1860 per-

158 1878 285 1914 emnia
319 1884 527 1923 servantur,
559 1878 662 1915 nulla
692 1889 739 1914 ex
770 1877 1031 1922 acuminibus3
1072 1875 1164 1912 nulli
1191 1875 1257 1912 viri
1286 1881 1482 1922 vocantur,

157 1953 206 1978 ex
227 1953 305 1991 quo
331 1942 371 1978 in
390 1942 592 1990 procinctu
619 1947 846 1980 testamenta
871 1941 1074 1990 perierunt.
1129 1939 1234 1977 Tum
1261 1939 1364 1977 enim
1382 1940 1482 1978 bella

160 2017 292 2055 gerere
312 2005 433 2043 nostri
454 2006 570 2043 duces
590 2006 785 2054 incipiunt,
807 2018 926 2056 quum
947 2005 1115 2054 auspicia
1134 2011 1357 2054 posuerunt.

213 2074 252 2108 4.
283 2070 335 2108 At
350 2082 438 2108 vero
459 2071 562 2119 apud
581 2071 746 2107 maiores
766 2076 868 2108 tanta
882 2071 1076 2119 religionis
1095 2071 1150 2108 vis
1166 2070 1245 2116 fuit,
1265 2077 1307 2108 ut
1326 2070 1481 2120 quidam
1500 2087 1541 2117 50

159 2136 408 2185 imperatores
441 2136 556 2172 etiam
591 2135 738 2183 seipsos
779 2135 849 2172 diis
884 2135 1160 2172 immortalibus
1199 2136 1322 2184 capite
1359 2135 1480 2172 velato

159 2201 284 2239 verbis
315 2200 426 2237 certis
449 2212 519 2249 pro
548 2199 742 2248 republica
770 2199 1010 2238 devoverent.
1066 2199 1191 2237 Multa
1216 2212 1264 2236 ex
1291 2199 1482 2249 Sibyllinis

160 2265 505 2310 vaticinationibus,
526 2264 645 2301 multa
668 2276 716 2301 ex
744 2263 989 2312 haruspicum
1019 2264 1214 2313 responsis
1245 2275 1481 2302 commemo-

161 2342 244 2369 rare
280 2341 452 2380 possum,
487 2329 626 2379 quibus
664 2340 709 2367 ea
746 2329 1019 2367 confirmentur
1056 2341 1154 2381 quae
1187 2329 1302 2368 dubia
1339 2329 1482 2367 nemini
