1668 2509
135 92 149 119 1
164 90 215 122 12
448 86 616 119 EXTRA
626 87 710 119 CTS
741 88 876 119 FROM
907 88 1088 121 CICERO.
1303 92 1381 124 Sect.
1397 93 1451 126 111.

130 186 224 225 duas
259 194 381 226 certas
412 187 539 233 habet,
569 186 805 225 Iamidarum
843 200 972 234 unam,
1007 188 1164 226 alteram
1203 188 1450 240 Clytidarum,

129 253 395 302 haruspicinae
415 253 612 291 nobilitate
633 260 881 303 praestantes.
921 253 968 290 In
990 253 1097 303 Syria
1113 253 1297 293 Chaldaei
1317 257 1449 305 cogni-
1470 275 1506 306 75

130 318 234 355 tione
257 324 448 355 astrorum
469 317 712 367 sollertiaque
733 318 977 367 ingeniorum
1004 318 1244 356 antecellunt.
1301 319 1451 359 Etruria

128 390 256 421 autem
288 383 336 421 de
367 383 474 421 caelo
506 389 607 421 tacta
636 383 887 421 scientissime
916 384 1202 422 animadvertit:
1237 385 1451 436 eademque

129 448 408 498 interpretatur,
429 447 521 497 quid
542 448 756 497 quibusque
781 448 1005 486 ostendatur
1030 449 1212 486 monstris
1231 456 1345 499 atque
1364 462 1451 500 por·
1483 463 1487 469 ·

128 512 254 550 tentis.
311 511 507 558 Quocirca
535 513 635 550 bene
665 512 768 561 apud
797 513 961 551 maiores
990 521 1145 551 nostros
1175 522 1342 561 senatus,
1368 521 1450 553 tum

129 589 248 628 quum
269 577 431 615 florebat
450 577 665 626 imperium,
688 577 852 615 decrevit
875 584 916 615 ut
946 578 993 616 de
1023 579 1239 628 principum
1267 579 1351 617 filiis
1381 592 1448 617 sex
1467 586 1507 617 80

128 642 287 691 singulis
316 641 490 679 Etruriae
519 642 674 691 populis
702 642 742 679 in
770 642 1010 692 disciplinam
1041 643 1288 690 traderentur,
1310 657 1359 682 ne
1388 657 1450 683 ars

127 714 232 745 tanta
269 714 427 756 propter
455 707 680 744 tenuitatem
717 706 918 745 hominum
947 720 970 746 a
997 708 1189 757 religionis
1227 709 1450 748 auctoritate

127 772 377 809 abduceretur
397 772 447 808 ad
467 771 687 809 mercedem
713 780 827 821 atque
855 780 1068 821 quaestum.
1127 772 1301 822 Phryges
1321 781 1450 812 autem

128 843 164 873 et
184 836 336 873 Pisidae
357 842 393 873 et
414 835 552 873 Cilices
573 842 610 872 et
629 837 802 873 Arabum
822 838 926 875 natio
947 838 1075 875 avium
1105 838 1449 888 significationibus

129 901 334 950 plurimum
368 901 657 951 obtemperant:
697 901 802 951 quod
834 902 936 939 idem
966 902 1179 940 factitatum
1209 903 1249 940 in
1286 902 1448 941 Umbria
1465 913 1506 955 85

128 967 363 1016 accepimus.

179 1035 220 1068 4.
249 1031 308 1068 Ac
342 1031 436 1068 mihi
471 1032 628 1080 quidem
657 1031 831 1069 videntur
860 1045 881 1070 e
909 1032 1005 1071 locis
1035 1045 1191 1083 quoque
1220 1034 1314 1084 ipsis
1342 1034 1408 1085 qui
1426 1046 1450 1073 a

128 1096 344 1145 quibusque
382 1097 658 1143 incolebantur,
705 1097 983 1135 divinationum
1021 1099 1327 1148 opportunitates
1365 1111 1450 1137 esse

128 1161 275 1198 ductae.
334 1160 490 1198 Etenim
510 1161 691 1210 Aegyptii
710 1169 747 1198 et
767 1161 979 1211 Babylonii,
1001 1163 1040 1200 in
1065 1175 1291 1212 camporum
1317 1170 1450 1213 paten-

127 1227 222 1264 tium
256 1227 486 1276 aequoribus
519 1226 744 1272 habitantes,
769 1239 888 1276 quum
919 1240 966 1265 ex
996 1235 1094 1266 terra
1126 1228 1219 1266 nihil
1251 1230 1447 1275 emineret,
1465 1246 1508 1278 90

128 1290 234 1339 quod
254 1291 570 1340 contemplationi
597 1292 690 1329 caeli
716 1292 868 1329 officere
898 1300 1040 1341 posset,
1063 1305 1221 1331 ornnem
1250 1305 1381 1331 curam
1408 1294 1449 1331 in

129 1356 296 1393 siderum
317 1356 537 1405 cognitione
559 1364 770 1407 posuerunt
782 1370 791 1404 ;
823 1356 972 1395 Etrusci
993 1365 1131 1404 autern,
1145 1358 1250 1407 quod
1265 1358 1449 1407 religione

129 1420 262 1458 imbuti
295 1421 503 1459 studiosius
533 1429 570 1458 et
600 1422 767 1459 crebrius
802 1421 948 1460 hostias
977 1423 1242 1468 immolabant,
1272 1430 1450 1461 extorum

129 1485 342 1534 cognitioni
376 1497 417 1523 se
450 1486 619 1523 maxime
653 1486 902 1524 dediderunt:
943 1487 1125 1536 quodque
1158 1494 1315 1537 propter
1351 1487 1448 1526 aeris

129 1551 418 1588 crassitudinem
447 1551 493 1588 de
523 1551 629 1588 caelo
659 1551 762 1601 apud
791 1563 858 1589 eos
887 1552 1006 1589 multa
1032 1553 1186 1598 fiebant,
1207 1559 1243 1590 et
1271 1553 1377 1602 quod
1395 1553 1447 1590 ob
1464 1570 1503 1602 95

128 1616 306 1653 eamdem
327 1628 483 1653 causam
504 1617 622 1654 multa
641 1617 821 1654 inusitata
840 1618 979 1667 partim
1010 1630 1032 1656 e
1052 1618 1170 1663 caelo,
1192 1618 1265 1655 alia
1283 1630 1331 1655 ex
1350 1625 1449 1655 terra

128 1681 358 1727 oriebantur,
372 1682 563 1731 quaedam
584 1682 699 1719 etiam
714 1694 762 1719 ex
781 1682 983 1720 hominum
997 1683 1236 1732 pecudumve
1257 1690 1448 1732 conceptu

131 1754 168 1784 et
202 1754 298 1792 satu,
328 1754 593 1796 portentorum
623 1747 925 1785 exercitatissimi
959 1748 1181 1798 interpretes
1209 1748 1447 1787 exstiterunt.

129 1810 307 1857 Quorum
328 1812 484 1860 quidem
501 1813 588 1858 vim,
605 1820 646 1850 ut
666 1820 707 1850 tu
727 1813 828 1850 soles
851 1813 988 1859 dicere,
1004 1814 1122 1850 verba
1141 1813 1224 1862 ipsa
1239 1813 1449 1863 prudenter

129 1888 151 1913 a
170 1876 379 1914 maioribus
399 1877 525 1926 posita
545 1877 750 1915 declarant.
807 1877 910 1924 Quia
930 1879 1031 1915 enirn
1052 1878 1272 1924 ostendunt,
1292 1887 1447 1928 porten-
1469 1898 1529 1921 100

129 1941 236 1986 dunt,
252 1948 480 1988 monstrant,
493 1942 741 1991 praedicunt;
772 1950 933 1988 ostenta,
954 1950 1144 1992 portenta,
1159 1950 1342 1989 monstra,
1358 1956 1447 1993 pro-

129 2006 232 2055 digia
258 2006 445 2045 dicuntur.
502 2008 653 2045 Arabes
682 2016 811 2045 autem
840 2015 877 2046 et
904 2008 1075 2057 Phryges
1104 2015 1141 2046 et
1172 2008 1321 2056 Cilices,
1342 2011 1448 2060 quod

129 2078 242 2120 pastu
262 2071 454 2120 pecudum
474 2073 639 2110 maxime
659 2080 824 2118 utuntur,
845 2085 1005 2122 campos
1026 2081 1061 2110 et
1081 2081 1235 2112 montes
1258 2074 1383 2112 hieme
1409 2081 1448 2112 et

130 2144 271 2174 aestate
292 2144 549 2186 peragrantes,
565 2145 767 2186 propterea
783 2138 929 2175 facilius
950 2147 1085 2176 cantus
1105 2139 1232 2176 avium
1245 2146 1282 2176 et
1299 2139 1447 2178 volatus

129 2209 366 2238 notaverunt.
418 2201 643 2250 Eademque
665 2209 701 2238 et
720 2201 883 2239 Pisidiae
904 2214 1021 2240 causa
1041 2202 1109 2239 fuit
1130 2210 1166 2240 et
1185 2203 1274 2240 huic
1293 2211 1445 2240 nostrae
1467 2221 1525 2252 105

129 2264 324 2302 Umbriae.
381 2265 487 2302 Tum
518 2265 630 2303 Caria
663 2273 755 2311 tota,
774 2267 1055 2315 praecipueque
1084 2267 1315 2312 Telmesses,
1345 2279 1444 2315 quos

130 2336 216 2367 ante
237 2330 326 2376 dixi,
347 2330 453 2380 quod
472 2342 586 2380 agros
606 2330 818 2368 uberrimos
837 2331 1081 2381 maximeque
1101 2330 1242 2369 fertiles
1262 2331 1431 2370 incolunt
