<?xml version="1.0" encoding="UTF-8"?>
<!DOCTYPE html PUBLIC "-//W3C//DTD XHTML 1.0 Transitional//EN"
    "http://www.w3.org/TR/xhtml1/DTD/xhtml1-transitional.dtd">
<html xmlns="http://www.w3.org/1999/xhtml" xml:lang="en" lang="en">
 <head>
  <title>
</title>
<meta http-equiv="Content-Type" content="text/html;charset=utf-8" />
  <meta name='ocr-system' content='tesseract 3.04.00' />
  <meta name='ocr-capabilities' content='ocr_page ocr_carea ocr_par ocr_line ocrx_word'/>
</head>
<body>
  <div class='ocr_page' id='page_1' title='image "./extractsfromcice02ciceuoft_0078.png"; bbox 0 0 1668 2509; ppageno 0'>
   <div class='ocr_carea' id='block_1_1' title="bbox 141 74 1453 119">
    <p class='ocr_par' dir='ltr' id='par_1_1' title="bbox 141 74 1453 119">
     <span class='ocr_line' id='line_1_1' title="bbox 141 74 1453 119; baseline 0.005 -13"><span class='ocrx_word' id='word_1_1' title='bbox 141 78 219 119; x_wconf 89' lang='lat'>174</span> <span class='ocrx_word' id='word_1_2' title='bbox 487 74 735 107; x_wconf 74' lang='lat' dir='ltr'><em>EXTRACTS</em></span> <span class='ocrx_word' id='word_1_3' title='bbox 763 76 903 107; x_wconf 80' lang='lat' dir='ltr'><em>FROM</em></span> <span class='ocrx_word' id='word_1_4' title='bbox 930 77 1108 108; x_wconf 82' lang='lat' dir='ltr'><strong><em>CICERO.</em></strong></span> <span class='ocrx_word' id='word_1_5' title='bbox 1300 81 1379 112; x_wconf 77' lang='lat' dir='ltr'>sect.</span> <span class='ocrx_word' id='word_1_6' title='bbox 1398 81 1453 114; x_wconf 77' lang='grc' dir='ltr'>Ν.</span> 
     </span>
    </p>
   </div>
   <div class='ocr_carea' id='block_1_2' title="bbox 117 175 1533 2375">
    <p class='ocr_par' dir='ltr' id='par_1_2' title="bbox 132 175 1529 359">
     <span class='ocr_line' id='line_1_2' title="bbox 133 175 1451 229; baseline 0.004 -17"><span class='ocrx_word' id='word_1_7' title='bbox 133 175 242 224; x_wconf 88' lang='lat' dir='ltr'>quasi</span> <span class='ocrx_word' id='word_1_8' title='bbox 263 181 499 225; x_wconf 84' lang='lat' dir='ltr'>spectatores</span> <span class='ocrx_word' id='word_1_9' title='bbox 519 188 742 225; x_wconf 89' lang='lat' dir='ltr'>superarum</span> <span class='ocrx_word' id='word_1_10' title='bbox 762 189 889 214; x_wconf 91' lang='lat' dir='ltr'>rerum</span> <span class='ocrx_word' id='word_1_11' title='bbox 909 183 1022 227; x_wconf 89' lang='lat' dir='ltr'>atque</span> <span class='ocrx_word' id='word_1_12' title='bbox 1043 177 1274 225; x_wconf 89' lang='lat' dir='ltr'>caelestium,</span> <span class='ocrx_word' id='word_1_13' title='bbox 1289 191 1451 229; x_wconf 87' lang='lat' dir='ltr'>quarum</span> 
     </span>
     <span class='ocr_line' id='line_1_3' title="bbox 132 241 1529 293; baseline 0.004 -15"><span class='ocrx_word' id='word_1_14' title='bbox 132 241 395 289; x_wconf 81' lang='lat' dir='ltr'>spectaculum</span> <span class='ocrx_word' id='word_1_15' title='bbox 426 241 476 278; x_wconf 91' lang='lat' dir='ltr'>ad</span> <span class='ocrx_word' id='word_1_16' title='bbox 509 241 654 278; x_wconf 89' lang='lat' dir='ltr'>nullum</span> <span class='ocrx_word' id='word_1_17' title='bbox 687 241 789 278; x_wconf 90' lang='lat' dir='ltr'>aliud</span> <span class='ocrx_word' id='word_1_18' title='bbox 823 254 946 290; x_wconf 90' lang='lat' dir='ltr'>genus</span> <span class='ocrx_word' id='word_1_19' title='bbox 985 242 1237 280; x_wconf 89' lang='lat' dir='ltr'>animantium</span> <span class='ocrx_word' id='word_1_20' title='bbox 1276 245 1449 293; x_wconf 88' lang='lat' dir='ltr'>pertinet.</span> <span class='ocrx_word' id='word_1_21' title='bbox 1469 260 1529 293; x_wconf 87' lang='lat'>²95</span> 
     </span>
     <span class='ocr_line' id='line_1_4' title="bbox 133 305 1450 359; baseline 0.004 -17"><span class='ocrx_word' id='word_1_22' title='bbox 133 305 277 342; x_wconf 89' lang='lat' dir='ltr'>Sensus</span> <span class='ocrx_word' id='word_1_23' title='bbox 298 313 438 351; x_wconf 87' lang='lat' dir='ltr'>autem,</span> <span class='ocrx_word' id='word_1_24' title='bbox 452 306 676 355; x_wconf 82' lang='lat' dir='ltr'>interpretes</span> <span class='ocrx_word' id='word_1_25' title='bbox 692 318 737 343; x_wconf 92' lang='lat' dir='ltr'>ac</span> <span class='ocrx_word' id='word_1_26' title='bbox 756 307 878 343; x_wconf 88' lang='lat' dir='ltr'>nuntii</span> <span class='ocrx_word' id='word_1_27' title='bbox 897 319 1034 353; x_wconf 90' lang='lat' dir='ltr'>rerum,</span> <span class='ocrx_word' id='word_1_28' title='bbox 1051 307 1090 344; x_wconf 89' lang='lat' dir='ltr'>in</span> <span class='ocrx_word' id='word_1_29' title='bbox 1110 308 1235 356; x_wconf 91' lang='lat' dir='ltr'>capite</span> <span class='ocrx_word' id='word_1_30' title='bbox 1255 314 1450 359; x_wconf 88' lang='lat' dir='ltr'>tamquam</span> 
     </span>
    </p>

    <p class='ocr_par' dir='ltr' id='par_1_3' title="bbox 130 370 1449 485">
     <span class='ocr_line' id='line_1_5' title="bbox 130 370 1449 412; baseline 0.003 -4"><span class='ocrx_word' id='word_1_31' title='bbox 130 371 171 408; x_wconf 89' lang='lat' dir='ltr'>in</span> <span class='ocrx_word' id='word_1_32' title='bbox 191 383 277 408; x_wconf 89' lang='lat' dir='ltr'>arce</span> <span class='ocrx_word' id='word_1_33' title='bbox 297 370 453 407; x_wconf 89' lang='lat' dir='ltr'>mirifice</span> <span class='ocrx_word' id='word_1_34' title='bbox 473 370 524 407; x_wconf 89' lang='lat' dir='ltr'>ad</span> <span class='ocrx_word' id='word_1_35' title='bbox 547 382 640 408; x_wconf 91' lang='lat' dir='ltr'>usus</span> <span class='ocrx_word' id='word_1_36' title='bbox 670 371 907 408; x_wconf 88' lang='lat' dir='ltr'>necessarios</span> <span class='ocrx_word' id='word_1_37' title='bbox 928 378 965 408; x_wconf 92' lang='lat' dir='ltr'>et</span> <span class='ocrx_word' id='word_1_38' title='bbox 985 371 1074 409; x_wconf 87' lang='lat' dir='ltr'>facti</span> <span class='ocrx_word' id='word_1_39' title='bbox 1096 379 1132 409; x_wconf 92' lang='lat' dir='ltr'>et</span> <span class='ocrx_word' id='word_1_40' title='bbox 1153 373 1330 411; x_wconf 88' lang='lat' dir='ltr'>collocati</span> <span class='ocrx_word' id='word_1_41' title='bbox 1351 382 1449 412; x_wconf 92' lang='lat' dir='ltr'>sunt.</span> 
     </span>
     <span class='ocr_line' id='line_1_6' title="bbox 130 435 1448 485; baseline 0.003 -12"><span class='ocrx_word' id='word_1_42' title='bbox 130 435 234 473; x_wconf 88' lang='lat' dir='ltr'>Nam</span> <span class='ocrx_word' id='word_1_43' title='bbox 254 435 354 472; x_wconf 91' lang='lat' dir='ltr'>oculi</span> <span class='ocrx_word' id='word_1_44' title='bbox 375 442 571 485; x_wconf 84' lang='lat' dir='ltr'>tamquam</span> <span class='ocrx_word' id='word_1_45' title='bbox 592 436 851 485; x_wconf 89' lang='lat' dir='ltr'>speculatores</span> <span class='ocrx_word' id='word_1_46' title='bbox 872 436 1096 474; x_wconf 89' lang='lat' dir='ltr'>altissimum</span> <span class='ocrx_word' id='word_1_47' title='bbox 1116 437 1246 475; x_wconf 88' lang='lat' dir='ltr'>locum</span> <span class='ocrx_word' id='word_1_48' title='bbox 1261 439 1448 485; x_wconf 88' lang='lat' dir='ltr'>obtinent,</span> 
     </span>
    </p>

    <p class='ocr_par' dir='ltr' id='par_1_4' title="bbox 117 500 1529 1202">
     <span class='ocr_line' id='line_1_7' title="bbox 131 500 1450 550; baseline 0.002 -12"><span class='ocrx_word' id='word_1_49' title='bbox 131 514 179 538; x_wconf 83' lang='lat' dir='ltr'>ex</span> <span class='ocrx_word' id='word_1_50' title='bbox 212 512 290 549; x_wconf 90' lang='lat' dir='ltr'>quo</span> <span class='ocrx_word' id='word_1_51' title='bbox 321 500 483 549; x_wconf 90' lang='lat' dir='ltr'>plurima</span> <span class='ocrx_word' id='word_1_52' title='bbox 515 501 796 549; x_wconf 87' lang='lat' dir='ltr'>conspicientes</span> <span class='ocrx_word' id='word_1_53' title='bbox 833 501 1039 550; x_wconf 85' lang='lat' dir='ltr'>fungantur</span> <span class='ocrx_word' id='word_1_54' title='bbox 1071 514 1142 540; x_wconf 92' lang='lat' dir='ltr'>suo</span> <span class='ocrx_word' id='word_1_55' title='bbox 1171 515 1342 541; x_wconf 89' lang='lat' dir='ltr'>munere.</span> <span class='ocrx_word' id='word_1_56' title='bbox 1399 504 1450 542; x_wconf 87' lang='lat' dir='ltr'>Et</span> 
     </span>
     <span class='ocr_line' id='line_1_8' title="bbox 131 566 1529 617; baseline 0.004 -15"><span class='ocrx_word' id='word_1_57' title='bbox 131 577 253 610; x_wconf 89' lang='lat' dir='ltr'>aures,</span> <span class='ocrx_word' id='word_1_58' title='bbox 284 577 404 614; x_wconf 91' lang='lat' dir='ltr'>quum</span> <span class='ocrx_word' id='word_1_59' title='bbox 433 577 574 602; x_wconf 90' lang='lat' dir='ltr'>sonum</span> <span class='ocrx_word' id='word_1_60' title='bbox 604 566 800 615; x_wconf 86' lang='lat' dir='ltr'>percipere</span> <span class='ocrx_word' id='word_1_61' title='bbox 827 566 1002 613; x_wconf 89' lang='lat' dir='ltr'>debeant,</span> <span class='ocrx_word' id='word_1_62' title='bbox 1032 569 1097 617; x_wconf 92' lang='lat' dir='ltr'>qui</span> <span class='ocrx_word' id='word_1_63' title='bbox 1125 575 1261 606; x_wconf 88' lang='lat' dir='ltr'>natura</span> <span class='ocrx_word' id='word_1_64' title='bbox 1287 569 1448 607; x_wconf 86' lang='lat' dir='ltr'>sublime</span> <span class='ocrx_word' id='word_1_65' title='bbox 1467 585 1529 616; x_wconf 86' lang='lat'>300</span> 
     </span>
     <span class='ocr_line' id='line_1_9' title="bbox 117 630 1448 680; baseline 0.004 -13"><span class='ocrx_word' id='word_1_66' title='bbox 117 631 256 675; x_wconf 85' lang='lat' dir='ltr'>-fertur,</span> <span class='ocrx_word' id='word_1_67' title='bbox 294 637 395 668; x_wconf 90' lang='lat' dir='ltr'>recte</span> <span class='ocrx_word' id='word_1_68' title='bbox 434 630 473 667; x_wconf 92' lang='lat' dir='ltr'>in</span> <span class='ocrx_word' id='word_1_69' title='bbox 513 631 596 668; x_wconf 86' lang='lat' dir='ltr'>altis</span> <span class='ocrx_word' id='word_1_70' title='bbox 635 642 841 680; x_wconf 90' lang='lat' dir='ltr'>corporum</span> <span class='ocrx_word' id='word_1_71' title='bbox 879 633 1047 680; x_wconf 90' lang='lat' dir='ltr'>partibus</span> <span class='ocrx_word' id='word_1_72' title='bbox 1090 633 1300 671; x_wconf 86' lang='lat' dir='ltr'>collocatae</span> <span class='ocrx_word' id='word_1_73' title='bbox 1348 640 1448 672; x_wconf 91' lang='lat' dir='ltr'>sunt.</span> 
     </span>
     <span class='ocr_line' id='line_1_10' title="bbox 130 696 1450 747; baseline 0.004 -15"><span class='ocrx_word' id='word_1_74' title='bbox 130 696 305 745; x_wconf 88' lang='lat' dir='ltr'>Itemque</span> <span class='ocrx_word' id='word_1_75' title='bbox 335 707 456 742; x_wconf 84' lang='lat' dir='ltr'>nares,</span> <span class='ocrx_word' id='word_1_76' title='bbox 479 708 527 734; x_wconf 91' lang='lat' dir='ltr'>eo</span> <span class='ocrx_word' id='word_1_77' title='bbox 548 696 654 744; x_wconf 90' lang='lat' dir='ltr'>quod</span> <span class='ocrx_word' id='word_1_78' title='bbox 677 696 804 734; x_wconf 91' lang='lat' dir='ltr'>omnis</span> <span class='ocrx_word' id='word_1_79' title='bbox 828 697 926 734; x_wconf 93' lang='lat' dir='ltr'>odor</span> <span class='ocrx_word' id='word_1_80' title='bbox 955 698 1004 735; x_wconf 92' lang='lat' dir='ltr'>ad</span> <span class='ocrx_word' id='word_1_81' title='bbox 1033 710 1170 747; x_wconf 89' lang='lat' dir='ltr'>supera</span> <span class='ocrx_word' id='word_1_82' title='bbox 1200 699 1327 745; x_wconf 87' lang='lat' dir='ltr'>fertur,</span> <span class='ocrx_word' id='word_1_83' title='bbox 1348 706 1450 737; x_wconf 90' lang='lat' dir='ltr'>recte</span> 
     </span>
     <span class='ocr_line' id='line_1_11' title="bbox 133 761 1449 813; baseline 0.004 -16"><span class='ocrx_word' id='word_1_84' title='bbox 133 773 283 798; x_wconf 88' lang='lat' dir='ltr'>sursum</span> <span class='ocrx_word' id='word_1_85' title='bbox 318 768 427 798; x_wconf 84' lang='lat' dir='ltr'>sunt:</span> <span class='ocrx_word' id='word_1_86' title='bbox 467 767 504 798; x_wconf 90' lang='lat' dir='ltr'>et</span> <span class='ocrx_word' id='word_1_87' title='bbox 538 761 644 810; x_wconf 91' lang='lat' dir='ltr'>quod</span> <span class='ocrx_word' id='word_1_88' title='bbox 679 761 753 798; x_wconf 91' lang='lat' dir='ltr'>cibi</span> <span class='ocrx_word' id='word_1_89' title='bbox 787 768 823 798; x_wconf 90' lang='lat' dir='ltr'>et</span> <span class='ocrx_word' id='word_1_90' title='bbox 850 762 1018 810; x_wconf 89' lang='lat' dir='ltr'>potionis</span> <span class='ocrx_word' id='word_1_91' title='bbox 1051 763 1235 801; x_wconf 89' lang='lat' dir='ltr'>iudicium</span> <span class='ocrx_word' id='word_1_92' title='bbox 1263 776 1449 813; x_wconf 88' lang='lat' dir='ltr'>magnum</span> 
     </span>
     <span class='ocr_line' id='line_1_12' title="bbox 130 826 1450 871; baseline 0.003 -8"><span class='ocrx_word' id='word_1_93' title='bbox 130 838 260 863; x_wconf 87' lang='lat' dir='ltr'>earum</span> <span class='ocrx_word' id='word_1_94' title='bbox 280 833 346 871; x_wconf 89' lang='lat' dir='ltr'>est,</span> <span class='ocrx_word' id='word_1_95' title='bbox 367 837 447 863; x_wconf 92' lang='lat' dir='ltr'>non</span> <span class='ocrx_word' id='word_1_96' title='bbox 468 826 549 863; x_wconf 90' lang='lat' dir='ltr'>sine</span> <span class='ocrx_word' id='word_1_97' title='bbox 569 837 685 863; x_wconf 88' lang='lat' dir='ltr'>causa</span> <span class='ocrx_word' id='word_1_98' title='bbox 703 826 933 864; x_wconf 88' lang='lat' dir='ltr'>vicinitatem</span> <span class='ocrx_word' id='word_1_99' title='bbox 954 828 1030 865; x_wconf 89' lang='lat' dir='ltr'>oris</span> <span class='ocrx_word' id='word_1_100' title='bbox 1050 837 1201 866; x_wconf 87' lang='lat' dir='ltr'>secutae</span> <span class='ocrx_word' id='word_1_101' title='bbox 1223 836 1322 867; x_wconf 90' lang='lat' dir='ltr'>sunt.</span> <span class='ocrx_word' id='word_1_102' title='bbox 1366 829 1450 867; x_wconf 89' lang='lat' dir='ltr'>Iam</span> 
     </span>
     <span class='ocr_line' id='line_1_13' title="bbox 130 891 1528 943; baseline 0.001 -15"><span class='ocrx_word' id='word_1_103' title='bbox 130 898 315 940; x_wconf 85' lang='lat' dir='ltr'>gustatus,</span> <span class='ocrx_word' id='word_1_104' title='bbox 346 891 411 940; x_wconf 90' lang='lat' dir='ltr'>qui</span> <span class='ocrx_word' id='word_1_105' title='bbox 440 892 579 928; x_wconf 88' lang='lat' dir='ltr'>sentire</span> <span class='ocrx_word' id='word_1_106' title='bbox 609 903 742 928; x_wconf 87' lang='lat' dir='ltr'>eorum</span> <span class='ocrx_word' id='word_1_107' title='bbox 771 892 908 940; x_wconf 88' lang='lat' dir='ltr'>quibus</span> <span class='ocrx_word' id='word_1_108' title='bbox 937 893 1126 930; x_wconf 90' lang='lat' dir='ltr'>vescimur</span> <span class='ocrx_word' id='word_1_109' title='bbox 1154 906 1296 943; x_wconf 87' lang='lat' dir='ltr'>genera</span> <span class='ocrx_word' id='word_1_110' title='bbox 1324 894 1449 941; x_wconf 90' lang='lat' dir='ltr'>debet,</span> <span class='ocrx_word' id='word_1_111' title='bbox 1466 909 1528 941; x_wconf 85' lang='lat'>305</span> 
     </span>
     <span class='ocr_line' id='line_1_14' title="bbox 132 956 1450 1007; baseline 0.002 -13"><span class='ocrx_word' id='word_1_112' title='bbox 132 956 276 994; x_wconf 89' lang='lat' dir='ltr'>habitat</span> <span class='ocrx_word' id='word_1_113' title='bbox 296 957 335 994; x_wconf 88' lang='lat' dir='ltr'>in</span> <span class='ocrx_word' id='word_1_114' title='bbox 355 969 400 994; x_wconf 86' lang='lat' dir='ltr'>ea</span> <span class='ocrx_word' id='word_1_115' title='bbox 419 963 526 1006; x_wconf 92' lang='lat' dir='ltr'>parte</span> <span class='ocrx_word' id='word_1_116' title='bbox 547 957 635 1002; x_wconf 90' lang='lat' dir='ltr'>oris,</span> <span class='ocrx_word' id='word_1_117' title='bbox 655 968 731 1005; x_wconf 91' lang='lat' dir='ltr'>qua</span> <span class='ocrx_word' id='word_1_118' title='bbox 751 956 952 994; x_wconf 89' lang='lat' dir='ltr'>esculentis</span> <span class='ocrx_word' id='word_1_119' title='bbox 981 964 1018 994; x_wconf 92' lang='lat' dir='ltr'>et</span> <span class='ocrx_word' id='word_1_120' title='bbox 1045 958 1255 1007; x_wconf 87' lang='lat' dir='ltr'>potulentis</span> <span class='ocrx_word' id='word_1_121' title='bbox 1284 959 1353 997; x_wconf 91' lang='lat' dir='ltr'>iter</span> <span class='ocrx_word' id='word_1_122' title='bbox 1382 972 1450 997; x_wconf 90' lang='lat' dir='ltr'>na-</span> 
     </span>
     <span class='ocr_line' id='line_1_15' title="bbox 132 1021 1452 1072; baseline 0.003 -14"><span class='ocrx_word' id='word_1_123' title='bbox 132 1030 216 1059; x_wconf 88' lang='lat' dir='ltr'>tura</span> <span class='ocrx_word' id='word_1_124' title='bbox 235 1021 425 1071; x_wconf 72' lang='lat' dir='ltr'>patefacit.</span> <span class='ocrx_word' id='word_1_125' title='bbox 483 1021 627 1059; x_wconf 88' lang='lat' dir='ltr'>Tactus</span> <span class='ocrx_word' id='word_1_126' title='bbox 644 1028 772 1058; x_wconf 90' lang='lat' dir='ltr'>autem</span> <span class='ocrx_word' id='word_1_127' title='bbox 791 1027 874 1059; x_wconf 89' lang='lat' dir='ltr'>toto</span> <span class='ocrx_word' id='word_1_128' title='bbox 895 1034 1056 1071; x_wconf 90' lang='lat' dir='ltr'>corpore</span> <span class='ocrx_word' id='word_1_129' title='bbox 1077 1024 1323 1072; x_wconf 86' lang='lat' dir='ltr'>aequabiliter</span> <span class='ocrx_word' id='word_1_130' title='bbox 1344 1024 1452 1063; x_wconf 86' lang='lat' dir='ltr'>fusus</span> 
     </span>
     <span class='ocr_line' id='line_1_16' title="bbox 132 1087 1452 1138; baseline 0.002 -14"><span class='ocrx_word' id='word_1_131' title='bbox 132 1095 201 1133; x_wconf 90' lang='lat' dir='ltr'>est,</span> <span class='ocrx_word' id='word_1_132' title='bbox 223 1094 264 1124; x_wconf 91' lang='lat' dir='ltr'>ut</span> <span class='ocrx_word' id='word_1_133' title='bbox 290 1099 427 1125; x_wconf 88' lang='lat' dir='ltr'>omnes</span> <span class='ocrx_word' id='word_1_134' title='bbox 456 1087 552 1125; x_wconf 87' lang='lat' dir='ltr'>ictus</span> <span class='ocrx_word' id='word_1_135' title='bbox 577 1098 789 1136; x_wconf 91' lang='lat' dir='ltr'>omnesque</span> <span class='ocrx_word' id='word_1_136' title='bbox 818 1087 998 1125; x_wconf 89' lang='lat' dir='ltr'>minimos</span> <span class='ocrx_word' id='word_1_137' title='bbox 1025 1094 1062 1125; x_wconf 91' lang='lat' dir='ltr'>et</span> <span class='ocrx_word' id='word_1_138' title='bbox 1081 1087 1234 1138; x_wconf 85' lang='lat' dir='ltr'>frigoris</span> <span class='ocrx_word' id='word_1_139' title='bbox 1257 1096 1294 1126; x_wconf 90' lang='lat' dir='ltr'>et</span> <span class='ocrx_word' id='word_1_140' title='bbox 1315 1090 1452 1128; x_wconf 86' lang='lat' dir='ltr'>caloris</span> 
     </span>
     <span class='ocr_line' id='line_1_17' title="bbox 132 1152 699 1202; baseline -0.002 -13"><span class='ocrx_word' id='word_1_141' title='bbox 132 1152 316 1202; x_wconf 86' lang='lat' dir='ltr'>appulsus</span> <span class='ocrx_word' id='word_1_142' title='bbox 337 1152 474 1190; x_wconf 91' lang='lat' dir='ltr'>sentire</span> <span class='ocrx_word' id='word_1_143' title='bbox 495 1152 699 1201; x_wconf 88' lang='lat' dir='ltr'>possimus.</span> 
     </span>
    </p>

    <p class='ocr_par' dir='ltr' id='par_1_5' title="bbox 131 1217 1533 2375">
     <span class='ocr_line' id='line_1_18' title="bbox 186 1217 1531 1272; baseline 0 -17"><span class='ocrx_word' id='word_1_144' title='bbox 186 1222 248 1256; x_wconf 88' lang='grc'>13.</span> <span class='ocrx_word' id='word_1_145' title='bbox 278 1217 376 1264; x_wconf 87' lang='lat' dir='ltr'>Quis</span> <span class='ocrx_word' id='word_1_146' title='bbox 395 1230 484 1255; x_wconf 90' lang='lat' dir='ltr'>vero</span> <span class='ocrx_word' id='word_1_147' title='bbox 505 1217 633 1267; x_wconf 84' lang='lat' dir='ltr'>opifex</span> <span class='ocrx_word' id='word_1_148' title='bbox 653 1224 802 1267; x_wconf 86' lang='lat' dir='ltr'>praeter</span> <span class='ocrx_word' id='word_1_149' title='bbox 821 1224 1005 1265; x_wconf 87' lang='lat' dir='ltr'>naturam,</span> <span class='ocrx_word' id='word_1_150' title='bbox 1020 1232 1095 1269; x_wconf 89' lang='lat' dir='ltr'>qua</span> <span class='ocrx_word' id='word_1_151' title='bbox 1116 1220 1208 1258; x_wconf 89' lang='lat' dir='ltr'>nihil</span> <span class='ocrx_word' id='word_1_152' title='bbox 1224 1226 1351 1270; x_wconf 85' lang='lat' dir='ltr'>potest</span> <span class='ocrx_word' id='word_1_153' title='bbox 1365 1232 1450 1272; x_wconf 82' lang='lat' dir='ltr'>esse</span> <span class='ocrx_word' id='word_1_154' title='bbox 1467 1234 1531 1264; x_wconf 87' lang='lat'>3¹0</span> 
     </span>
     <span class='ocr_line' id='line_1_19' title="bbox 133 1283 1451 1334; baseline 0.002 -14"><span class='ocrx_word' id='word_1_155' title='bbox 133 1283 314 1328; x_wconf 88' lang='lat' dir='ltr'>callidius,</span> <span class='ocrx_word' id='word_1_156' title='bbox 345 1290 491 1320; x_wconf 85' lang='lat' dir='ltr'>tantam</span> <span class='ocrx_word' id='word_1_157' title='bbox 526 1283 731 1320; x_wconf 86' lang='lat' dir='ltr'>sollertiam</span> <span class='ocrx_word' id='word_1_158' title='bbox 760 1285 937 1333; x_wconf 88' lang='lat' dir='ltr'>persequi</span> <span class='ocrx_word' id='word_1_159' title='bbox 965 1286 1152 1334; x_wconf 91' lang='lat' dir='ltr'>potuisset</span> <span class='ocrx_word' id='word_1_160' title='bbox 1181 1286 1221 1322; x_wconf 89' lang='lat' dir='ltr'>in</span> <span class='ocrx_word' id='word_1_161' title='bbox 1249 1285 1451 1323; x_wconf 84' lang='lat' dir='ltr'>sensibus?</span> 
     </span>
     <span class='ocr_line' id='line_1_20' title="bbox 131 1349 1451 1400; baseline 0 -13"><span class='ocrx_word' id='word_1_162' title='bbox 131 1362 232 1399; x_wconf 87' lang='lat' dir='ltr'>quae</span> <span class='ocrx_word' id='word_1_163' title='bbox 253 1350 420 1399; x_wconf 90' lang='lat' dir='ltr'>primum</span> <span class='ocrx_word' id='word_1_164' title='bbox 440 1349 574 1387; x_wconf 90' lang='lat' dir='ltr'>oculos</span> <span class='ocrx_word' id='word_1_165' title='bbox 591 1350 823 1387; x_wconf 88' lang='lat' dir='ltr'>membranis</span> <span class='ocrx_word' id='word_1_166' title='bbox 839 1351 1070 1388; x_wconf 86' lang='lat' dir='ltr'>tenuissimis</span> <span class='ocrx_word' id='word_1_167' title='bbox 1086 1351 1232 1388; x_wconf 88' lang='lat' dir='ltr'>vestivit</span> <span class='ocrx_word' id='word_1_168' title='bbox 1252 1357 1290 1388; x_wconf 92' lang='lat' dir='ltr'>et</span> <span class='ocrx_word' id='word_1_169' title='bbox 1310 1351 1451 1400; x_wconf 89' lang='lat' dir='ltr'>sepsit:</span> 
     </span>
     <span class='ocr_line' id='line_1_21' title="bbox 134 1413 1453 1468; baseline 0.002 -17"><span class='ocrx_word' id='word_1_170' title='bbox 134 1426 230 1463; x_wconf 90' lang='lat' dir='ltr'>quas</span> <span class='ocrx_word' id='word_1_171' title='bbox 249 1414 415 1463; x_wconf 90' lang='lat' dir='ltr'>primum</span> <span class='ocrx_word' id='word_1_172' title='bbox 434 1413 648 1463; x_wconf 84' lang='lat' dir='ltr'>perlucidas</span> <span class='ocrx_word' id='word_1_173' title='bbox 668 1413 766 1459; x_wconf 86' lang='lat' dir='ltr'>fecit,</span> <span class='ocrx_word' id='word_1_174' title='bbox 786 1421 828 1451; x_wconf 90' lang='lat' dir='ltr'>ut</span> <span class='ocrx_word' id='word_1_175' title='bbox 853 1426 921 1463; x_wconf 92' lang='lat' dir='ltr'>per</span> <span class='ocrx_word' id='word_1_176' title='bbox 947 1427 1011 1452; x_wconf 87' lang='lat' dir='ltr'>eas</span> <span class='ocrx_word' id='word_1_177' title='bbox 1038 1416 1141 1453; x_wconf 88' lang='lat' dir='ltr'>cerni</span> <span class='ocrx_word' id='word_1_178' title='bbox 1162 1421 1303 1468; x_wconf 87' lang='lat' dir='ltr'>posset,</span> <span class='ocrx_word' id='word_1_179' title='bbox 1325 1416 1453 1453; x_wconf 86' lang='lat' dir='ltr'>firmas</span> 
     </span>
     <span class='ocr_line' id='line_1_22' title="bbox 134 1479 1451 1528; baseline 0.002 -11"><span class='ocrx_word' id='word_1_180' title='bbox 134 1488 275 1525; x_wconf 90' lang='lat' dir='ltr'>autem,</span> <span class='ocrx_word' id='word_1_181' title='bbox 289 1488 330 1517; x_wconf 92' lang='lat' dir='ltr'>ut</span> <span class='ocrx_word' id='word_1_182' title='bbox 347 1481 643 1518; x_wconf 84' lang='lat' dir='ltr'>continerentur.</span> <span class='ocrx_word' id='word_1_183' title='bbox 685 1479 760 1517; x_wconf 88' lang='lat' dir='ltr'>Sed</span> <span class='ocrx_word' id='word_1_184' title='bbox 775 1479 941 1518; x_wconf 90' lang='lat' dir='ltr'>lubricos</span> <span class='ocrx_word' id='word_1_185' title='bbox 958 1481 1091 1518; x_wconf 91' lang='lat' dir='ltr'>oculos</span> <span class='ocrx_word' id='word_1_186' title='bbox 1111 1482 1202 1519; x_wconf 88' lang='lat' dir='ltr'>fecit</span> <span class='ocrx_word' id='word_1_187' title='bbox 1221 1488 1259 1520; x_wconf 92' lang='lat' dir='ltr'>et</span> <span class='ocrx_word' id='word_1_188' title='bbox 1277 1483 1451 1528; x_wconf 88' lang='lat' dir='ltr'>mobiles,</span> 
     </span>
     <span class='ocr_line' id='line_1_23' title="bbox 134 1544 1531 1596; baseline 0.001 -12"><span class='ocrx_word' id='word_1_189' title='bbox 134 1555 174 1584; x_wconf 90' lang='lat' dir='ltr'>ut</span> <span class='ocrx_word' id='word_1_190' title='bbox 203 1554 240 1584; x_wconf 91' lang='lat' dir='ltr'>et</span> <span class='ocrx_word' id='word_1_191' title='bbox 269 1547 515 1591; x_wconf 88' lang='lat' dir='ltr'>declinarent,</span> <span class='ocrx_word' id='word_1_192' title='bbox 536 1546 566 1583; x_wconf 93' lang='lat' dir='ltr'>si</span> <span class='ocrx_word' id='word_1_193' title='bbox 595 1544 688 1595; x_wconf 90' lang='lat' dir='ltr'>quid</span> <span class='ocrx_word' id='word_1_194' title='bbox 717 1552 884 1591; x_wconf 88' lang='lat' dir='ltr'>noceret,</span> <span class='ocrx_word' id='word_1_195' title='bbox 906 1553 943 1583; x_wconf 92' lang='lat' dir='ltr'>et</span> <span class='ocrx_word' id='word_1_196' title='bbox 972 1553 1183 1596; x_wconf 88' lang='lat' dir='ltr'>aspectum,</span> <span class='ocrx_word' id='word_1_197' title='bbox 1205 1559 1283 1596; x_wconf 95' lang='lat' dir='ltr'>quo</span> <span class='ocrx_word' id='word_1_198' title='bbox 1302 1547 1451 1594; x_wconf 84' lang='lat' dir='ltr'>vellent,</span> <span class='ocrx_word' id='word_1_199' title='bbox 1467 1564 1531 1596; x_wconf 85' lang='lat'>315</span> 
     </span>
     <span class='ocr_line' id='line_1_24' title="bbox 134 1611 1452 1662; baseline 0.001 -13"><span class='ocrx_word' id='word_1_200' title='bbox 134 1612 244 1650; x_wconf 88' lang='lat' dir='ltr'>facile</span> <span class='ocrx_word' id='word_1_201' title='bbox 274 1618 566 1658; x_wconf 82' lang='lat' dir='ltr'>converterent3</span> <span class='ocrx_word' id='word_1_202' title='bbox 597 1612 776 1660; x_wconf 88' lang='lat' dir='ltr'>aciesque</span> <span class='ocrx_word' id='word_1_203' title='bbox 806 1611 900 1660; x_wconf 89' lang='lat' dir='ltr'>ipsa,</span> <span class='ocrx_word' id='word_1_204' title='bbox 930 1624 1006 1661; x_wconf 89' lang='lat' dir='ltr'>qua</span> <span class='ocrx_word' id='word_1_205' title='bbox 1035 1613 1237 1658; x_wconf 90' lang='lat' dir='ltr'>cernimus,</span> <span class='ocrx_word' id='word_1_206' title='bbox 1258 1625 1356 1662; x_wconf 89' lang='lat' dir='ltr'>quae</span> <span class='ocrx_word' id='word_1_207' title='bbox 1381 1625 1452 1661; x_wconf 93' lang='lat' dir='ltr'>pu-</span> 
     </span>
     <span class='ocr_line' id='line_1_25' title="bbox 135 1677 1454 1726; baseline 0 -12"><span class='ocrx_word' id='word_1_208' title='bbox 135 1677 226 1726; x_wconf 90' lang='lat' dir='ltr'>pula</span> <span class='ocrx_word' id='word_1_209' title='bbox 245 1684 412 1721; x_wconf 90' lang='lat' dir='ltr'>vocatur,</span> <span class='ocrx_word' id='word_1_210' title='bbox 433 1677 484 1714; x_wconf 85' lang='lat' dir='ltr'>ita</span> <span class='ocrx_word' id='word_1_211' title='bbox 502 1689 618 1726; x_wconf 87' lang='lat' dir='ltr'>parva</span> <span class='ocrx_word' id='word_1_212' title='bbox 636 1683 704 1721; x_wconf 91' lang='lat' dir='ltr'>est,</span> <span class='ocrx_word' id='word_1_213' title='bbox 725 1683 766 1713; x_wconf 92' lang='lat' dir='ltr'>ut</span> <span class='ocrx_word' id='word_1_214' title='bbox 792 1689 847 1722; x_wconf 88' lang='lat' dir='ltr'>ea,</span> <span class='ocrx_word' id='word_1_215' title='bbox 868 1689 967 1726; x_wconf 91' lang='lat' dir='ltr'>quae</span> <span class='ocrx_word' id='word_1_216' title='bbox 996 1689 1136 1715; x_wconf 91' lang='lat' dir='ltr'>nocere</span> <span class='ocrx_word' id='word_1_217' title='bbox 1165 1678 1324 1726; x_wconf 90' lang='lat' dir='ltr'>possint,</span> <span class='ocrx_word' id='word_1_218' title='bbox 1345 1677 1454 1715; x_wconf 90' lang='lat' dir='ltr'>facile</span> 
     </span>
     <span class='ocr_line' id='line_1_26' title="bbox 136 1742 1453 1792; baseline 0 -13"><span class='ocrx_word' id='word_1_219' title='bbox 136 1742 245 1779; x_wconf 74' lang='lat' dir='ltr'>vitet:</span> <span class='ocrx_word' id='word_1_220' title='bbox 281 1743 573 1792; x_wconf 87' lang='lat' dir='ltr'>palpebraeque,</span> <span class='ocrx_word' id='word_1_221' title='bbox 604 1753 702 1790; x_wconf 90' lang='lat' dir='ltr'>quae</span> <span class='ocrx_word' id='word_1_222' title='bbox 731 1748 819 1779; x_wconf 91' lang='lat' dir='ltr'>sunt</span> <span class='ocrx_word' id='word_1_223' title='bbox 847 1748 1043 1790; x_wconf 87' lang='lat' dir='ltr'>tegmenta</span> <span class='ocrx_word' id='word_1_224' title='bbox 1071 1743 1281 1788; x_wconf 90' lang='lat' dir='ltr'>oculorum,</span> <span class='ocrx_word' id='word_1_225' title='bbox 1310 1742 1453 1780; x_wconf 88' lang='lat' dir='ltr'>mollis-</span> 
     </span>
     <span class='ocr_line' id='line_1_27' title="bbox 137 1806 1453 1855; baseline 0.001 -12"><span class='ocrx_word' id='word_1_226' title='bbox 137 1807 256 1844; x_wconf 90' lang='lat' dir='ltr'>simae</span> <span class='ocrx_word' id='word_1_227' title='bbox 278 1814 390 1852; x_wconf 85' lang='lat' dir='ltr'>tactu,</span> <span class='ocrx_word' id='word_1_228' title='bbox 411 1820 460 1844; x_wconf 93' lang='lat' dir='ltr'>ne</span> <span class='ocrx_word' id='word_1_229' title='bbox 480 1806 671 1844; x_wconf 87' lang='lat' dir='ltr'>laederent</span> <span class='ocrx_word' id='word_1_230' title='bbox 691 1807 823 1852; x_wconf 87' lang='lat' dir='ltr'>aciem,</span> <span class='ocrx_word' id='word_1_231' title='bbox 848 1808 1043 1855; x_wconf 88' lang='lat' dir='ltr'>aptissime</span> <span class='ocrx_word' id='word_1_232' title='bbox 1063 1807 1185 1845; x_wconf 84' lang='lat' dir='ltr'>factae</span> <span class='ocrx_word' id='word_1_233' title='bbox 1209 1814 1246 1844; x_wconf 91' lang='lat' dir='ltr'>et</span> <span class='ocrx_word' id='word_1_234' title='bbox 1273 1807 1322 1844; x_wconf 91' lang='lat' dir='ltr'>ad</span> <span class='ocrx_word' id='word_1_235' title='bbox 1350 1807 1453 1845; x_wconf 89' lang='lat' dir='ltr'>clau-</span> 
     </span>
     <span class='ocr_line' id='line_1_28' title="bbox 138 1871 1533 1921; baseline -0.001 -13"><span class='ocrx_word' id='word_1_236' title='bbox 138 1871 284 1908; x_wconf 89' lang='lat' dir='ltr'>dendas</span> <span class='ocrx_word' id='word_1_237' title='bbox 305 1872 480 1920; x_wconf 88' lang='lat' dir='ltr'>pupulas,</span> <span class='ocrx_word' id='word_1_238' title='bbox 501 1883 549 1908; x_wconf 91' lang='lat' dir='ltr'>ne</span> <span class='ocrx_word' id='word_1_239' title='bbox 578 1871 670 1920; x_wconf 88' lang='lat' dir='ltr'>quid</span> <span class='ocrx_word' id='word_1_240' title='bbox 699 1871 893 1917; x_wconf 90' lang='lat' dir='ltr'>incideret,</span> <span class='ocrx_word' id='word_1_241' title='bbox 914 1878 951 1908; x_wconf 91' lang='lat' dir='ltr'>et</span> <span class='ocrx_word' id='word_1_242' title='bbox 979 1871 1029 1908; x_wconf 92' lang='lat' dir='ltr'>ad</span> <span class='ocrx_word' id='word_1_243' title='bbox 1058 1872 1307 1920; x_wconf 88' lang='lat' dir='ltr'>aperiendas:</span> <span class='ocrx_word' id='word_1_244' title='bbox 1337 1871 1452 1921; x_wconf 92' lang='lat' dir='ltr'>idque</span> <span class='ocrx_word' id='word_1_245' title='bbox 1468 1885 1533 1915; x_wconf 88' lang='lat'>320</span> 
     </span>
     <span class='ocr_line' id='line_1_29' title="bbox 138 1936 1451 1985; baseline 0.001 -13"><span class='ocrx_word' id='word_1_246' title='bbox 138 1936 302 1984; x_wconf 91' lang='lat' dir='ltr'>providit</span> <span class='ocrx_word' id='word_1_247' title='bbox 329 1944 371 1974; x_wconf 91' lang='lat' dir='ltr'>ut</span> <span class='ocrx_word' id='word_1_248' title='bbox 399 1937 620 1974; x_wconf 90' lang='lat' dir='ltr'>idemtidem</span> <span class='ocrx_word' id='word_1_249' title='bbox 649 1936 728 1973; x_wconf 87' lang='lat' dir='ltr'>fieri</span> <span class='ocrx_word' id='word_1_250' title='bbox 756 1942 888 1985; x_wconf 84' lang='lat' dir='ltr'>posset</span> <span class='ocrx_word' id='word_1_251' title='bbox 924 1948 1012 1973; x_wconf 91' lang='lat' dir='ltr'>cum</span> <span class='ocrx_word' id='word_1_252' title='bbox 1046 1937 1215 1973; x_wconf 85' lang='lat' dir='ltr'>maxima</span> <span class='ocrx_word' id='word_1_253' title='bbox 1252 1936 1451 1974; x_wconf 90' lang='lat' dir='ltr'>celeritate.</span> 
     </span>
     <span class='ocr_line' id='line_1_30' title="bbox 138 2000 1453 2050; baseline 0.002 -13"><span class='ocrx_word' id='word_1_254' title='bbox 138 2000 389 2050; x_wconf 87' lang='lat' dir='ltr'>Munitaeque</span> <span class='ocrx_word' id='word_1_255' title='bbox 419 2008 508 2038; x_wconf 91' lang='lat' dir='ltr'>sunt</span> <span class='ocrx_word' id='word_1_256' title='bbox 536 2001 742 2050; x_wconf 90' lang='lat' dir='ltr'>palpebrae</span> <span class='ocrx_word' id='word_1_257' title='bbox 770 2007 966 2050; x_wconf 90' lang='lat' dir='ltr'>tamquam</span> <span class='ocrx_word' id='word_1_258' title='bbox 991 2001 1088 2038; x_wconf 88' lang='lat' dir='ltr'>vallo</span> <span class='ocrx_word' id='word_1_259' title='bbox 1118 2001 1293 2050; x_wconf 89' lang='lat' dir='ltr'>pilorum,</span> <span class='ocrx_word' id='word_1_260' title='bbox 1315 2001 1453 2050; x_wconf 90' lang='lat' dir='ltr'>quibus</span> 
     </span>
     <span class='ocr_line' id='line_1_31' title="bbox 137 2066 1453 2115; baseline 0.001 -12"><span class='ocrx_word' id='word_1_261' title='bbox 137 2073 174 2103; x_wconf 90' lang='lat' dir='ltr'>et</span> <span class='ocrx_word' id='word_1_262' title='bbox 193 2067 332 2115; x_wconf 89' lang='lat' dir='ltr'>apertis</span> <span class='ocrx_word' id='word_1_263' title='bbox 352 2067 472 2104; x_wconf 88' lang='lat' dir='ltr'>oculis</span> <span class='ocrx_word' id='word_1_264' title='bbox 492 2067 524 2104; x_wconf 91' lang='lat' dir='ltr'>si</span> <span class='ocrx_word' id='word_1_265' title='bbox 544 2066 636 2115; x_wconf 91' lang='lat' dir='ltr'>quid</span> <span class='ocrx_word' id='word_1_266' title='bbox 654 2066 847 2111; x_wconf 89' lang='lat' dir='ltr'>incideret,</span> <span class='ocrx_word' id='word_1_267' title='bbox 868 2066 1122 2115; x_wconf 89' lang='lat' dir='ltr'>repelleretur,</span> <span class='ocrx_word' id='word_1_268' title='bbox 1143 2073 1180 2103; x_wconf 94' lang='lat' dir='ltr'>et</span> <span class='ocrx_word' id='word_1_269' title='bbox 1199 2078 1339 2104; x_wconf 90' lang='lat' dir='ltr'>somno</span> <span class='ocrx_word' id='word_1_270' title='bbox 1359 2078 1453 2104; x_wconf 93' lang='lat' dir='ltr'>con-</span> 
     </span>
     <span class='ocr_line' id='line_1_32' title="bbox 136 2131 1452 2181; baseline 0.001 -13"><span class='ocrx_word' id='word_1_271' title='bbox 136 2132 363 2177; x_wconf 87' lang='lat' dir='ltr'>niventibus,</span> <span class='ocrx_word' id='word_1_272' title='bbox 386 2144 504 2181; x_wconf 92' lang='lat' dir='ltr'>quum</span> <span class='ocrx_word' id='word_1_273' title='bbox 523 2131 644 2168; x_wconf 91' lang='lat' dir='ltr'>oculis</span> <span class='ocrx_word' id='word_1_274' title='bbox 665 2131 714 2168; x_wconf 91' lang='lat' dir='ltr'>ad</span> <span class='ocrx_word' id='word_1_275' title='bbox 740 2131 975 2168; x_wconf 89' lang='lat' dir='ltr'>cernendum</span> <span class='ocrx_word' id='word_1_276' title='bbox 999 2143 1080 2168; x_wconf 92' lang='lat' dir='ltr'>non</span> <span class='ocrx_word' id='word_1_277' title='bbox 1109 2144 1320 2180; x_wconf 88' lang='lat' dir='ltr'>egeremus,</span> <span class='ocrx_word' id='word_1_278' title='bbox 1340 2138 1382 2169; x_wconf 91' lang='lat' dir='ltr'>ut</span> <span class='ocrx_word' id='word_1_279' title='bbox 1407 2132 1452 2169; x_wconf 86' lang='lat' dir='ltr'>iis</span> 
     </span>
     <span class='ocr_line' id='line_1_33' title="bbox 137 2195 1529 2245; baseline -0.002 -12"><span class='ocrx_word' id='word_1_280' title='bbox 137 2204 335 2245; x_wconf 90' lang='lat' dir='ltr'>tamquam</span> <span class='ocrx_word' id='word_1_281' title='bbox 365 2196 522 2233; x_wconf 91' lang='lat' dir='ltr'>involuti</span> <span class='ocrx_word' id='word_1_282' title='bbox 551 2197 800 2245; x_wconf 90' lang='lat' dir='ltr'>quiescerent.</span> <span class='ocrx_word' id='word_1_283' title='bbox 854 2195 993 2232; x_wconf 88' lang='lat' dir='ltr'>Latent</span> <span class='ocrx_word' id='word_1_284' title='bbox 1021 2203 1217 2244; x_wconf 89' lang='lat' dir='ltr'>praeterea</span> <span class='ocrx_word' id='word_1_285' title='bbox 1245 2197 1392 2242; x_wconf 91' lang='lat' dir='ltr'>utiliter,</span> <span class='ocrx_word' id='word_1_286' title='bbox 1413 2203 1452 2234; x_wconf 92' lang='lat' dir='ltr'>et</span> <span class='ocrx_word' id='word_1_287' title='bbox 1467 2207 1529 2239; x_wconf 81' lang='lat'>325</span> 
     </span>
     <span class='ocr_line' id='line_1_34' title="bbox 135 2259 1450 2310; baseline 0 -12"><span class='ocrx_word' id='word_1_288' title='bbox 135 2261 296 2298; x_wconf 83' lang='lat' dir='ltr'>excelsis</span> <span class='ocrx_word' id='word_1_289' title='bbox 312 2261 481 2310; x_wconf 91' lang='lat' dir='ltr'>undique</span> <span class='ocrx_word' id='word_1_290' title='bbox 501 2262 671 2310; x_wconf 90' lang='lat' dir='ltr'>partibus</span> <span class='ocrx_word' id='word_1_291' title='bbox 692 2261 899 2309; x_wconf 89' lang='lat' dir='ltr'>sepiuntur.</span> <span class='ocrx_word' id='word_1_292' title='bbox 933 2259 1104 2297; x_wconf 87' lang='lat' dir='ltr'>Primum</span> <span class='ocrx_word' id='word_1_293' title='bbox 1120 2261 1223 2297; x_wconf 91' lang='lat' dir='ltr'>enim</span> <span class='ocrx_word' id='word_1_294' title='bbox 1237 2261 1450 2310; x_wconf 81' lang='lat' dir='ltr'>superiora,</span> 
     </span>
     <span class='ocr_line' id='line_1_35' title="bbox 136 2325 1451 2375; baseline 0 -12"><span class='ocrx_word' id='word_1_295' title='bbox 136 2325 344 2375; x_wconf 87' lang='lat' dir='ltr'>superciliis</span> <span class='ocrx_word' id='word_1_296' title='bbox 372 2325 550 2372; x_wconf 90' lang='lat' dir='ltr'>obducta,</span> <span class='ocrx_word' id='word_1_297' title='bbox 572 2325 752 2363; x_wconf 88' lang='lat' dir='ltr'>sudorem</span> <span class='ocrx_word' id='word_1_298' title='bbox 771 2337 794 2363; x_wconf 87' lang='lat' dir='ltr'>a</span> <span class='ocrx_word' id='word_1_299' title='bbox 814 2325 936 2374; x_wconf 87' lang='lat' dir='ltr'>capite</span> <span class='ocrx_word' id='word_1_300' title='bbox 964 2331 1001 2363; x_wconf 89' lang='lat' dir='ltr'>et</span> <span class='ocrx_word' id='word_1_301' title='bbox 1019 2337 1043 2363; x_wconf 90' lang='lat' dir='ltr'>a</span> <span class='ocrx_word' id='word_1_302' title='bbox 1068 2325 1192 2363; x_wconf 89' lang='lat' dir='ltr'>fronte</span> <span class='ocrx_word' id='word_1_303' title='bbox 1220 2325 1451 2363; x_wconf 90' lang='lat' dir='ltr'>defluentem</span> 
     </span>
    </p>
   </div>
  </div>
 </body>
</html>
