1668 2509
157 54 233 108 136
499 63 745 94 EXTRACTS
772 63 905 93 FROM
937 63 1113 94 CICERO.
1317 68 1469 99 Sect.111.

151 163 242 200 solis
279 163 419 200 ultimis
458 169 523 200 aut
560 163 750 212 aquilonis
788 163 949 200 austrive
979 164 1149 211 partibus
1184 171 1293 200 tuum
1322 177 1467 202 nomen

152 228 306 265 audiet?
381 227 533 274 Quibus
578 229 795 276 amputatis,
835 229 958 265 cernis
1003 227 1178 276 profecto
1226 230 1379 277 quantis
1428 231 1469 267 in

151 293 337 341 angustiis
375 300 499 329 vestra
536 293 658 341 gloria
696 305 736 330 se
769 292 914 329 dilatari
948 293 1045 329 velit.
1115 293 1195 341 Ipsi
1227 300 1367 340 autem,
1403 295 1469 343 qui

151 357 198 394 de
228 358 335 394 vobis
364 358 581 406 loquuntur,
612 357 795 406 quamdiu
823 357 1053 406 loquentur?

205 427 268 460 12.
299 421 427 468 ‘Quin
454 423 566 460 etiam
591 424 622 459 si
643 423 770 471 cupiat
796 423 924 471 proles
951 423 1013 460 illa
1033 422 1247 460 futurorum
1267 423 1469 461 hominum

152 488 331 536 deinceps
350 487 482 525 laudes
503 489 616 524 unius
641 489 825 537 cuiusque
853 498 1026 525 nostrum
1047 501 1069 525 a
1088 489 1260 536 patribus
1290 496 1469 538 acceptas

152 554 313 601 posteris
351 554 524 602 prodere,
565 561 694 590 tamen
732 560 887 601 propter
931 553 1126 590 eluviones
1172 553 1469 602 exustionesque

123 627 345 663 werrarum,
386 631 480 667 quas
518 619 690 656 accidere
729 626 902 666 tempore
943 625 1048 655 certo
1087 630 1246 655 necesse
1283 625 1351 662 est,
1390 631 1471 656 non

152 683 271 720 modo
302 691 508 730 aeternam,
538 684 607 722 sed
640 696 688 720 ne
722 683 938 720 diuturnam
977 683 1133 732 quidem
1171 684 1334 732 gloriam
1369 696 1472 722 asse-

154 749 219 798 qui
260 761 478 798 possumus.
553 748 658 795 Quid
696 756 824 785 autern
861 749 1016 785 interest
1055 749 1103 784 ab
1141 749 1196 793 iis,
1237 750 1301 798 qui
1335 756 1472 798 postea

154 822 369 859 nascentur,
401 826 621 851 sermonem
650 813 730 851 fore
760 813 807 850 de
836 820 884 858 te,
906 825 1025 863 quum
1055 814 1103 850 ab
1133 814 1176 850 iis
1203 814 1328 851 nullus
1349 814 1469 860 fuerit,

156 880 222 927 qui
255 887 342 916 ante
377 880 454 916 nati
490 880 602 916 sunt?
649 880 715 928 qui
743 891 816 916 nec
850 879 1062 928 pauciores,
1092 885 1129 915 et
1163 886 1263 915 certe
1297 879 1472 917 meliores

156 944 305 981 suerunt
336 945 423 980 viri:
463 957 582 993 quum
616 946 838 994 praesertim
872 944 976 992 apud
1014 955 1081 980 eos
1119 944 1237 992 ipsos,
1275 956 1298 981 a
1334 945 1473 993 quibus

158 1009 275 1046 audiri
305 1021 448 1046 nomen
478 1021 652 1047 nostrum
681 1016 817 1059 potest,
839 1020 955 1046 nemo
984 1009 1097 1046 unius
1127 1009 1216 1045 anni
1246 1010 1473 1046 memoriam

158 1075 343 1122 consequi
382 1075 514 1122 possit.
574 1074 766 1111 Homines
805 1075 907 1111 enim
939 1074 1173 1123 populariter
1207 1086 1353 1111 annum
1391 1081 1474 1112 tan-

158 1140 359 1177 tummodo
390 1140 490 1185 solis,
512 1140 550 1177 id
579 1147 636 1177 est
663 1141 776 1177 unius
806 1141 904 1185 astri,
936 1140 1057 1176 reditu
1086 1141 1314 1177 metiuntur:
1354 1152 1474 1189 quum

159 1213 286 1242 autem
325 1205 373 1241 ad
412 1205 524 1249 idem,
559 1206 663 1242 unde
702 1205 821 1242 semel
857 1204 1029 1254 profecta
1068 1212 1166 1250 sunt,
1199 1214 1339 1242 cunct]
1377 1213 1478 1242 astra

159 1271 347 1314 redierint,
370 1270 622 1319 eamdemque
644 1271 758 1307 totius
779 1270 870 1307 anni
899 1269 1196 1317 descriptionem
1217 1269 1343 1318 longis
1364 1270 1479 1307 inter-

162 1335 265 1372 vallis
286 1335 488 1379 retulerint,
511 1342 590 1371 tum
611 1335 670 1372 ille
690 1347 775 1372 vere
797 1342 946 1372 vertens
966 1346 1090 1371 annus
1121 1335 1303 1383 appellari
1324 1341 1476 1384 potest:

161 1401 199 1437 in
238 1412 314 1449 quo
353 1400 414 1436 vix
449 1400 573 1437 dicere
613 1400 737 1437 audeo
777 1412 893 1449 quam
930 1399 1050 1436 multa
1088 1400 1239 1436 saecula
1278 1399 1479 1437 hominum

162 1472 370 1502 teneantur.
429 1464 608 1514 Namque
647 1472 687 1502 ut
725 1465 817 1502 olim
856 1464 1017 1502 deficere
1057 1464 1114 1501 sol
1154 1464 1375 1502 hominibus
1415 1478 1479 1502 ex-

162 1531 378 1580 stinguique
415 1531 515 1568 visus
554 1538 620 1575 est,
650 1542 770 1579 quum
811 1529 966 1567 Romuli
1005 1530 1156 1567 animus
1186 1530 1280 1567 haec
1319 1531 1403 1580 ipsa
1440 1532 1479 1568 in

163 1596 306 1644 templa
335 1596 563 1644 penetravit;
596 1596 657 1641 ita,
678 1595 912 1644 quandoque
942 1595 1078 1632 eadem
1108 1603 1214 1644 parte
1239 1595 1296 1632 sol
1324 1596 1479 1633 eodem-

164 1674 237 1710 que
258 1669 430 1710 tempore
459 1661 594 1697 iterum
624 1661 814 1704 defecerit,
836 1667 917 1697 tum
947 1660 1065 1708 signis
1089 1660 1268 1697 omnibus
1299 1660 1348 1697 ad
1376 1660 1480 1697 idem

164 1727 394 1775 principium
433 1726 625 1774 stellisque
665 1726 861 1770 revocatis,
901 1725 1095 1773 expletum
1133 1737 1278 1762 annum
1316 1725 1478 1762 habeto:

165 1792 277 1828 huius
311 1791 468 1840 quidem
499 1792 588 1828 anni
622 1791 797 1827 nondum
827 1790 1054 1838 vigesimam
1085 1797 1232 1838 partem
1267 1790 1362 1827 scito
1395 1802 1480 1828 esse

167 1869 402 1894 conversam.

221 1926 283 1960 13.
314 1921 540 1967 ‘Quocirca,
572 1922 603 1958 si
640 1921 803 1958 reditum
836 1920 876 1957 in
910 1920 1013 1957 hunc
1046 1919 1175 1957 locum
1211 1920 1481 1969 desperaveris,

168 1988 208 2024 in
241 1999 318 2036 quo
356 1987 486 2023 omnia
523 1994 612 2024 sunt
649 1987 800 2034 magnis
839 1992 875 2022 et
907 1985 1187 2034 praestantibus
1222 1986 1320 2032 viris,
1353 1986 1484 2035 quanti

170 2053 325 2089 tandem
363 2059 421 2088 est
457 2052 528 2088 ista
564 2051 765 2087 hominum
801 2050 932 2099 gloria,
973 2062 1070 2098 quae
1109 2051 1299 2098 pertinere
1336 2051 1398 2087 vix
1435 2051 1485 2088 ad

169 2118 280 2155 unius
319 2116 409 2153 anni
446 2122 594 2164 partem
632 2115 809 2163 exiguam
847 2115 998 2163 potest?
1054 2115 1174 2163 Igitur
1212 2116 1284 2153 alte
1314 2122 1484 2165 spectare

172 2184 202 2220 si
230 2181 345 2227 voles,
376 2188 489 2230 atque
518 2180 617 2216 hanc
647 2180 778 2216 sedem
807 2186 844 2216 et
873 2187 1066 2216 aeternam
1108 2180 1269 2218 domum
1299 2180 1483 2224 contueri,

172 2259 297 2296 neque
317 2253 354 2284 te
374 2245 614 2283 sermonibus
633 2244 734 2293 vulgi
761 2244 920 2290 dederis,
941 2257 1013 2281 nec
1037 2246 1076 2281 in
1103 2246 1281 2294 praemiis
1308 2244 1485 2281 humanis

173 2325 283 2362 spem
319 2311 492 2361 posueris
529 2321 656 2347 rerum
693 2316 861 2347 tuarum:
910 2310 987 2346 suis
1026 2316 1063 2347 te
1107 2317 1258 2359 oportet
1299 2309 1483 2347 illecebris

1491 240 1550 270 180

1494 567 1548 606 185

1495 899 1555 930 ¹90

1499 1221 1555 1252 ¹95

1498 1550 1561 1573 200

1501 1882 1561 1914 ²05

1503 2200 1565 2221 2¹0
