1668 2509
170 74 246 116 128
506 81 753 112 EXTRACTS
782 81 918 111 FROM
947 82 1127 113 CICERO.
1327 83 1404 113 sect.
1425 83 1482 113 111.

165 183 342 233 neglexit.
399 181 477 220 Ubi
497 182 599 220 idem
620 182 783 231 saepius,
807 181 979 219 ascendit
998 181 1038 218 in
1050 181 1320 230 Areopagum:
1351 181 1481 219 detulit

167 260 258 285 rem.
315 247 573 296 Areopagitae
594 246 868 295 comprehendi
888 247 1020 283 iubent
1039 258 1138 291 eum,
1159 246 1225 295 qui
1245 257 1267 283 a
1287 245 1480 295 Sophocle

164 319 244 349 erat
264 313 493 349 nominatus.
543 312 594 357 Is,
609 312 835 361 quaestione
856 311 1036 356 adhibita,
1050 310 1250 348 confessus
1270 318 1338 357 est,
1354 318 1478 360 pater·
1503 327 1561 347 ιιο

162 388 301 426 amque
321 377 454 414 retulit.
500 376 592 423 Quo
610 376 721 422 facto,
737 376 869 413 fanum
889 376 980 414 illud
996 376 1139 414 Indicis
1156 375 1335 414 Herculis
1354 376 1477 413 nomi-

161 448 293 479 natum
323 449 391 480 est.
980 442 988 452 '

216 511 280 544 10.
314 506 392 544 Sed
426 506 518 556 quid
547 519 621 556 ego
660 506 925 545 Graecorum?
982 506 1126 544 Nescio
1157 518 1235 555 quo
1263 505 1384 544 modo
1414 518 1477 543 me

162 573 284 621 tnagis
313 579 445 609 nostra
475 572 674 609 delectant.
734 571 881 609 Omnes
915 571 989 609 hoc
1009 571 1188 617 historici,
1214 571 1333 616 Fabii,
1355 570 1477 616 Gellii,

138 624 141 627 .
160 637 227 673 sed
247 637 420 685 proxime
444 636 607 674 Caelius.
666 636 798 683 Quum
814 637 914 673 bello
935 635 1073 673 Latino
1094 636 1172 673 ludi
1192 636 1306 673 votivi
1322 636 1478 673 maximi
1499 653 1510 674 1
1523 654 1531 673 ι
1541 653 1556 683 5

161 702 326 750 primum
347 701 491 746 fierent,
513 702 643 739 civitas
663 701 712 739 ad
732 714 837 739 arma
857 708 1014 751 repente
1034 710 1091 738 est
1112 702 1284 739 excitata.
1329 701 1476 751 Itaque,

159 766 256 804 ludis
276 767 510 812 intermissis,
531 768 762 804 instaurativi
787 767 981 805 constituti
1009 774 1106 804 sunt.
1164 767 1242 814 Qui
1270 774 1477 817 antequam

159 833 301 877 fierent,
318 845 514 882 quumque
535 833 610 870 iam
631 833 796 882 populus
817 833 1065 878 consedisset,
1083 845 1212 870 servus
1233 845 1300 882 per
1320 834 1476 879 circum,

158 910 275 947 quum
297 899 410 947 virgis
431 898 660 943 caederetur,
682 898 826 935 furcam
848 898 970 935 serens
991 898 1126 935 ductus
1146 904 1214 935 est.
1270 897 1374 935 Exin
1399 899 1476 936 cui-

158 964 247 1000 dam
267 964 408 1000 rustico
431 963 612 1000 Romano
634 964 838 1001 dormienti
868 964 969 1000 visus
998 970 1055 1000 est
1079 963 1216 1008 venire,
1238 964 1302 1012 qui
1323 963 1473 1009 diceret,
1499 979 1558 1000 120

158 1029 373 1078 praesulem
394 1029 465 1065 sibi
485 1040 564 1066 non
585 1029 774 1077 placuisse
794 1028 892 1065 ludis
908 1041 917 1074 5
948 1028 1062 1078 idque
1087 1029 1136 1065 ab
1162 1028 1299 1065 eodem
1327 1029 1473 1066 iussum

159 1105 244 1130 esse
265 1106 354 1130 eum
378 1094 526 1130 senatui
551 1094 748 1131 nuntiare:
780 1094 885 1130 illum
915 1105 994 1130 non
1018 1105 1102 1130 esse
1126 1105 1272 1131 ausum.
1329 1093 1473 1131 Iterum

157 1170 241 1195 esse
261 1157 363 1194 idem
390 1158 524 1204 visum,
547 1166 583 1195 et
603 1159 792 1196 monitum
824 1171 872 1195 ne
905 1159 981 1194 vim
1012 1171 1120 1195 suam
1149 1158 1312 1207 experiri
1339 1159 1472 1196 vellet:

154 1235 202 1259 ne
223 1230 303 1259 tum
325 1223 481 1272 quidem
505 1236 588 1261 esse
609 1236 755 1260 ausum.
804 1223 904 1260 Exin
925 1224 1043 1260 filium
1063 1223 1143 1260 eius
1157 1235 1240 1260 esse
1261 1231 1470 1270 mortuum;

153 1287 330 1324 eamdem
347 1288 390 1342 ‘in
411 1289 558 1325 somnis
574 1288 877 1325 admonitionem
898 1288 1014 1325 fuisse
1035 1289 1194 1325 tertiam.
1243 1288 1347 1325 Tum
1367 1289 1471 1327 illum
1497 1310 1529 1330 12
1536 1310 1551 1339 5

152 1353 267 1389 etiarn
287 1353 451 1390 debilem
478 1353 632 1399 factum,
654 1366 735 1390 rem
765 1354 811 1391 ad
843 1354 989 1390 amicos
1019 1353 1207 1399 detulisse,
1229 1365 1394 1403 quorum
1423 1355 1471 1392 de

151 1418 339 1454 sententia
359 1417 532 1455 lecticula
560 1419 599 1455 in
620 1419 764 1456 curiam
789 1430 873 1456 esse
902 1418 1079 1462 delatum,
1101 1430 1297 1468 quumque
1322 1420 1470 1457 senatui

150 1482 343 1519 somnium
366 1484 627 1529 enarravisset,
643 1484 804 1532 pedibus
826 1483 903 1521 suis
918 1483 1077 1520 domum
1097 1484 1301 1520 revertisse.
1333 1484 1469 1534 Itaque

149 1548 302 1584 somnio
324 1549 577 1597 comprobato
603 1561 625 1586 a
653 1556 798 1595 senatu,
818 1549 930 1586 ludos
960 1548 1044 1585 illos
1073 1548 1209 1585 iterum
1238 1549 1468 1588 instauratos

147 1612 356 1650 memoriae
377 1613 570 1661 proditum
590 1621 659 1651 est.
1490 1635 1549 1664 130

201 1682 255 1714 11.
288 1677 331 1715 C.
353 1690 442 1715 vero
464 1677 660 1717 Gracchus
681 1679 809 1717 multis
830 1679 935 1724 dixit,
955 1685 997 1716 ut
1023 1680 1208 1728 scriptum
1232 1680 1335 1729 apud
1357 1692 1463 1718 eum-

149 1742 237 1779 dem
273 1742 446 1780 Caelium
477 1751 545 1789 est,
580 1744 649 1781 sibi
681 1745 719 1781 in
755 1745 901 1782 somnis
935 1751 1180 1793 quaesturam
1219 1746 1363 1794 petenti
1402 1745 1462 1783 Ti.

149 1806 299 1844 fratrem
329 1808 451 1844 visum
478 1821 568 1863 *esse
603 1809 739 1854 dicere,
769 1822 884 1858 quam
913 1809 1024 1847 vellet
1053 1815 1303 1855 cunctaretur,
1333 1816 1463 1848 tamen

149 1872 286 1909 eodem
315 1873 385 1909 sibi
406 1873 482 1910 leto
509 1886 586 1923 quo
607 1875 689 1923 ipse
720 1875 908 1912 interisset
937 1886 1020 1911 esse
1047 1875 1298 1922 pereundum.
1356 1875 1459 1917 Hoc,

147 1944 354 1985 antequam
391 1938 564 1976 tribunus
604 1939 706 1988 plebi
736 1939 782 1977 C.
814 1939 1011 1977 Gracchus
1050 1939 1172 1977 factus
1201 1947 1312 1985 esset,
1343 1947 1380 1978 et
1418 1953 1459 1978 se
1484 1959 1539 1991 135

146 2003 298 2040 audisse
320 2004 447 2040 scribit
469 2003 634 2049 Caelius,
655 2012 693 2042 et
713 2005 855 2043 dixisse
882 2006 1020 2042 multis.
1078 2004 1169 2051 Quo
1195 2006 1346 2043 somnio
1366 2006 1458 2056 quid

143 2068 300 2105 inveniri
321 2075 449 2117 potest
469 2070 634 2106 certius?

194 2137 256 2170 12.
287 2131 417 2178 Quid?
451 2133 513 2170 illa
542 2134 618 2171 duo
649 2135 810 2181 somnia,
837 2148 935 2185 quae
965 2137 1188 2174 creberrime
1218 2125 1454 2174 commem‘o-

143 2204 273 2235 rantur
292 2210 314 2234 a
335 2197 483 2243 Stoicis,
504 2199 589 2247 quis
618 2199 774 2245 tandem
802 2207 929 2248 potest
956 2202 1230 2239 contemnere?
1260 2214 1380 2238 unum
1407 2202 1455 2239 de

142 2261 360 2300 Simonide:
389 2263 454 2311 qui
473 2275 592 2311 quum
608 2264 783 2312 ignotum
803 2265 1009 2313 quemdam
1028 2266 1240 2314 proiectum
1260 2273 1453 2303 mortuum
1478 2284 1537 2314 140

141 2327 303 2372 vidisset,
335 2339 500 2376 eumque
533 2328 776 2373 humavisset,
808 2329 1042 2379 haberetque
1075 2331 1113 2367 in
1151 2331 1281 2367 animo
1315 2342 1452 2367 navem
