1668 2509
165 104 243 136 Sect.
266 104 321 135 lV.
551 104 637 134 ΒΕΑ
648 104 783 135 UTIES
815 104 873 135 OF
902 104 964 134 NA
974 104 1109 135 TURE.
1402 106 1480 149 177

164 198 335 248 linguam
362 198 482 236 nostri
511 198 636 237 solent
662 198 799 243 dicere,
821 197 1051 236 chordarum
1073 198 1218 245 dentes,
1251 210 1364 236 nares
1396 211 1480 237 cor-

163 264 276 301 nibus
297 265 353 309 iis,
378 264 442 313 qui
463 264 512 302 ad
531 275 668 301 nervos
688 271 869 301 resonant
889 264 928 300 in
949 264 1136 301 cantibus.

217 332 279 366 16.
309 327 440 375 Quam
454 341 544 366 vero
565 335 685 378 aptas,
702 340 895 378 quamque
915 329 1120 366 multarum
1135 329 1273 366 artium
1287 329 1481 367 ministras

163 406 302 432 manus
335 401 469 432 natura
497 394 644 432 homini
683 393 808 432 dedit!
866 393 1086 444 Digitorum
1124 395 1229 432 enim
1267 395 1480 432 contractio

85 467 147 498 400
164 459 284 497 facilis
318 458 513 508 facilisque
549 460 740 508 porrectio
770 466 926 509 propter
956 460 1092 498 molles
1130 461 1404 498 commissuras
1443 468 1480 498 et

163 532 266 563 artus
286 525 390 562 nullo
412 526 450 562 in
469 532 578 562 motu
606 525 761 562 laborat.
819 525 954 574 Itaque
981 526 1030 564 ad
1055 526 1307 575 pingendum,
1330 526 1379 564 ad
1407 527 1478 563 fin-

162 591 345 640 gendum,
375 591 425 628 ad
454 591 717 640 scalpendum,
747 590 797 628 ad
826 603 1029 629 nervorum
1059 591 1267 630 eliciendos
1297 604 1415 630 sonos
1435 604 1479 629 ac

161 657 337 694 tibiarum
358 663 447 706 apta
466 668 604 694 manus
626 664 683 694 est
712 656 934 694 admotione
960 657 1175 706 digitorum.
1231 657 1359 706 Atque
1385 657 1480 695 haec

163 722 431 760 oblectationis
452 735 460 758 :
490 722 553 759 illa
572 722 819 768 necessitatis,
842 722 964 759 cultus
988 722 1075 759 dico
1097 734 1289 771 agrorum,
1311 729 1479 760 exstruc-

80 794 142 826 405
160 788 363 837 tionesque
389 793 588 833 tectorum,
610 792 832 836 tegumenta
858 798 1064 836 corporum
1090 787 1149 824 vel
1171 794 1275 824 texta
1300 787 1359 824 vel
1385 794 1479 833 suta,

160 864 396 902 omnemque
417 852 601 890 fabricam
621 853 717 890 aeris
737 858 775 890 et
795 852 880 889 ferri
898 864 905 888 :
936 864 983 889 ex
1004 864 1082 901 quo
1103 852 1332 901 intelligitur,
1355 853 1404 890 ad
1421 854 1479 890 in-

158 925 271 956 venta
291 918 433 962 animo,
454 924 636 967 percepta
665 917 851 963 sensibus,
879 917 1056 955 adhibitis
1080 917 1263 966 opificum
1290 919 1480 965 manibus,

159 981 291 1019 omnia
316 978 389 1018 n'os
419 969 661 1026 consecutos,
683 987 722 1017 ut
750 981 850 1025 tecti,
870 986 911 1016 ut
936 980 1069 1024 vestiti,
1091 987 1132 1016 ut
1152 980 1245 1017 salvi
1273 993 1358 1018 esse
1387 993 1478 1030 pos-

160 1057 302 1091 semus,
332 1045 457 1091 urbes,
488 1057 632 1087 muros,
662 1044 864 1090 domicilia,
905 1045 1062 1082 delubra.
1100 1044 1338 1083 haberemus.
1395 1046 1479 1084 Iam

80 1123 144 1154 410
160 1122 250 1148 vero
277 1111 457 1159 operibus
482 1109 696 1155 hominum,
717 1108 756 1146 id
779 1116 837 1147 est
862 1110 1051 1155 manibus,
1078 1110 1151 1147 cibi
1180 1111 1296 1147 etiam
1321 1112 1481 1149 varietas

161 1176 349 1214 invenitur
369 1187 406 1214 et
426 1176 549 1226 copia.
607 1174 710 1212 Nam
731 1182 767 1212 et
786 1175 866 1224 agri
886 1175 1005 1212 multa
1025 1175 1188 1212 efferunt
1217 1188 1336 1214 manu
1363 1189 1480 1226 quae-

161 1242 242 1287 sita,
272 1253 372 1290 quae
399 1242 459 1279 vel
492 1242 619 1278 statim
651 1246 938 1286 consumantur,
968 1240 1026 1277 vel
1063 1240 1294 1278 mandentur
1325 1243 1480 1280 condita

160 1307 344 1345 vetustati.
389 1306 440 1344 Et
455 1314 651 1356 praeterea
666 1306 855 1343 vescimur
874 1306 1005 1342 bestiis
1019 1312 1056 1343 et
1076 1307 1234 1344 terrenis
1250 1312 1288 1344 et
1307 1308 1480 1356 aquatili-

159 1373 233 1410 bus
253 1379 291 1410 et
303 1372 529 1418 volatilibus,
545 1372 684 1421 partim
704 1371 905 1420 capiendo,
920 1370 1058 1420 partim
1074 1371 1224 1409 alendo.
1281 1372 1479 1410 Efficimus

81 1448 142 1480 415
162 1438 278 1475 etiam
299 1438 446 1475 domitu
466 1444 599 1475 nostro
621 1435 914 1485 quadrupedum
937 1436 1158 1473 vectiones:
1187 1449 1351 1486 quorum
1381 1439 1477 1476 cele-

159 1503 247 1540 ritas
277 1510 390 1552 atque
419 1504 474 1540 vis
504 1503 618 1540 nobis
646 1502 738 1551 ipsis
777 1501 885 1538 affert
913 1501 989 1537 vim
1019 1507 1056 1537 et
1094 1501 1336 1540 celeritatem.
1394 1503 1480 1542 Nos

159 1579 277 1604 onera
296 1567 530 1617 quibusdam
548 1567 689 1611 bestiis,
711 1577 784 1603 nos
805 1566 895 1614 iuga
914 1565 1151 1614 imponimus
1169 1581 1177 1608 3
1209 1578 1282 1604 nos
1296 1567 1478 1617 elephan-

158 1638 285 1670 torum
305 1632 533 1670 acutissimis
559 1632 745 1682 sensibus,
767 1642 840 1668 nos
864 1631 1072 1679 sagacitate
1101 1643 1241 1668 canum
1267 1632 1316 1669 ad
1341 1634 1478 1672 utilita-

161 1706 240 1736 tem
260 1705 432 1736 nostram
453 1698 642 1735 abutimur
656 1709 666 1744 ;
697 1708 770 1734 nos
783 1708 804 1732 e
819 1702 938 1733 terrae
955 1697 1124 1733 cavernis
1137 1696 1277 1734 sermm
1294 1698 1477 1745 elicimus,

82 1774 146 1803 420
162 1775 244 1801 rem
265 1764 314 1801 ad
334 1763 519 1801 colendos
541 1774 655 1812 agros
675 1762 932 1799 necessariam
947 1774 958 1808 ,·
990 1773 1063 1799 nos
1090 1762 1197 1808 aeris,
1220 1764 1378 1811 argenti,
1399 1765 1478 1802 auri

161 1840 280 1866 venas
313 1829 466 1878 penitus
499 1828 648 1865 abditas
679 1827 893 1864 invenimus
923 1833 961 1863 et
998 1826 1047 1863 ad
1075 1838 1188 1863 usum
1227 1835 1335 1876 aptas
1365 1835 1401 1866 et
1429 1830 1480 1867 ad

161 1901 340 1931 ornatum
360 1894 542 1931 decoras:
573 1894 752 1930 arborum
771 1897 901 1929 autem
920 1892 1166 1930 consectione
1187 1894 1370 1943 omnique
1396 1907 1479 1933 ma-

162 1960 256 1996 teria
289 1965 327 1996 et
357 1959 459 1996 culta
487 1965 523 1995 et
557 1958 714 1995 silvestri
745 1958 884 2006 partim
914 1957 963 1994 ad
997 1956 1300 1995 calefaciendum
1339 1971 1480 2009 corpus

161 2024 243 2073 igni
275 2024 444 2061 adhibito
475 2030 512 2061 et
541 2023 592 2061 ad
622 2022 878 2072 mitigandum
909 2022 1038 2059 cibum
1075 2023 1226 2068 utimur,
1260 2025 1397 2072 partim
1430 2024 1479 2062 ad

83 2101 144 2130 425
163 2088 455 2132 aedificandum,
475 2094 516 2126 ut
535 2089 644 2133 tectis
665 2088 763 2137 septi
782 2086 925 2136 frigora
944 2088 1168 2137 caloresque
1187 2088 1387 2138 pellamus.

217 2159 276 2194 17.
308 2154 478 2202 Magnos
497 2165 588 2190 vero
607 2165 699 2191 usus
724 2153 832 2190 affert
852 2153 901 2190 ad
925 2154 1076 2202 navigia
1104 2153 1290 2200 facienda,
1313 2166 1478 2203 quorum

161 2220 335 2257 cursibus
373 2218 662 2268 suppeditantur
699 2230 836 2255 omnes
868 2218 1037 2267 undique
1075 2219 1124 2256 ad
1157 2220 1273 2256 vitam
1311 2220 1471 2267 copiae:

163 2296 336 2334 quasque
374 2296 434 2321 res
465 2284 756 2321 violentissimas
797 2290 932 2321 natura
966 2284 1106 2332 genuit,
1130 2296 1262 2321 earum
1294 2284 1471 2320 modera-

159 2350 305 2387 tionem
335 2361 408 2387 nos
441 2349 512 2386 soli
541 2349 740 2394 habemus,
773 2350 890 2387 maris
923 2356 1037 2399 atque
1069 2355 1283 2394 ventorum,
1317 2355 1475 2398 propter
