1668 2509
143 83 222 130 113
482 92 731 125 EXTRACTS
760 93 897 124 FROM
927 93 1105 126 CICERO.
1299 94 1380 127 Sect.
1405 94 1466 127 111.

663 329 696 370 C
713 330 753 368 H
768 330 805 368 A
821 330 862 369 P.
890 329 964 369 ΙΙΙ.

192 470 225 505 1.
255 465 360 504 Nihil
389 466 468 504 fere
497 465 698 516 quondam
725 466 881 504 maioris
907 465 961 504 rei
981 465 1056 504 nisi
1083 465 1282 515 auspicato
1311 477 1361 503 ne
1387 464 1463 515 pri-

138 531 254 568 vatim
275 531 434 580 quidem
463 531 692 581 gerebatur:
721 531 829 581 quod
857 531 973 569 etiam
999 543 1104 569 nunc
1131 531 1351 581 nuptiarum
1377 542 1464 567 aus-

133 599 243 648 -pices
267 598 474 646 declarant,
494 598 572 648 qui,
592 610 632 636 re
652 598 808 644 omissa,
828 610 974 635 nomen
994 603 1142 635 tantum
1162 603 1304 634 tenent.
1359 595 1464 634 Nam

137 669 178 701 ut
198 675 302 701 nunc
330 664 438 710 extis,
471 662 725 715 (quamquam
748 663 787 701 id
810 663 938 713 ipsum
961 663 1157 713 aliquanto
1186 662 1326 707 minus,
1347 673 1464 712 quam

138 726 261 778 olim,)
283 727 337 766 sic
358 734 440 766 turn
460 729 592 766 avibus
612 740 778 778 magnae
798 740 858 766 res
878 728 1061 778 impetriri
1081 727 1269 766 solebant.
1314 726 1462 776 Itaque,

139 794 289 831 sinistra
310 793 402 830 dum
421 805 502 831 non
522 794 768 843 exquirimus,
789 793 829 831 in
850 793 932 831 dira
951 799 988 831 et
1008 793 1048 831 in
1067 793 1204 830 vitiosa
1223 792 1461 830 incurrimus.

137 857 191 896 Ut
210 857 253 896 P.
276 858 472 904 Claudius,
493 857 612 907 Appii
628 858 745 896 Caeci
765 858 876 905 filius,
893 859 1052 909 eiusque
1073 858 1232 907 collega,
1253 857 1297 895 L.
1318 856 1463 903 Iunius,

139 923 282 961 classes
301 924 490 960 maximas
511 923 770 973 perdiderunt,
792 935 911 972 quum
927 924 1016 960 vitio
1030 923 1284 971 navigassent.
1345 921 1465 968 Quod

139 988 279 1026 eodem
308 989 429 1026 modo
459 989 583 1026 evenit
611 988 925 1038 Agamemnoni:
955 989 1031 1039 qui,
1062 1000 1183 1038 quum
1211 987 1348 1025 Achivi
1376 999 1465 1026 coe-

138 1055 285 1105 pissent

271 1140 362 1172 Inter
385 1150 455 1172 sese
479 1144 633 1182 strepere,
656 1145 833 1182 aperteque
856 1144 960 1172 artem
986 1141 1135 1172 obterere
1158 1139 1371 1182 extispicum;

268 1192 403 1224 Solvere
426 1192 565 1234 imperat
588 1192 730 1224 secundo
754 1203 884 1224 rumore
907 1192 1106 1234 adversaque
1129 1192 1191 1223 avi.

195 1309 232 1342 2.
264 1304 341 1342 Sed
368 1305 462 1355 quid
487 1305 642 1343 vetera?
699 1304 754 1344 M.
777 1304 919 1343 Crasso
944 1305 1037 1354 quid
1066 1304 1257 1351 acciderit,
1278 1304 1462 1350 videmus,

142 1370 308 1408 dirarum
342 1371 634 1408 obnuntiatione
673 1371 859 1420 neglecta.
916 1371 963 1408 In
1003 1383 1080 1420 quo
1115 1370 1277 1420 Appius,
1317 1369 1464 1418 collega

142 1442 243 1481 tuus,
272 1436 400 1473 bonus
430 1448 563 1485 augur,
584 1443 625 1473 ut
645 1449 693 1473 ex
723 1444 759 1474 te
780 1436 911 1474 audire
932 1436 1050 1482 soleo,
1071 1447 1152 1472 non
1181 1436 1272 1473 satis
1300 1435 1464 1473 scienter

141 1502 263 1538 virum
292 1501 440 1538 bonum
460 1509 497 1539 et
523 1502 645 1540 civem
669 1503 867 1552 egregium
894 1514 1031 1540 censor
1060 1501 1104 1540 C.
1125 1501 1283 1538 Ateium
1309 1501 1463 1547 notavit,

141 1566 249 1616 quod
279 1567 505 1604 ementitum
539 1568 712 1617 auspicia
745 1567 1022 1616 subscripserit.
1079 1566 1201 1604 Esto:
1241 1565 1352 1603 fuerit
1388 1565 1464 1603 hoc

143 1632 326 1677 censoris,
347 1632 379 1669 si
403 1631 596 1670 iudicabat
620 1633 858 1670 ementitum.
915 1632 967 1669 At
993 1631 1085 1669 illud
1111 1631 1269 1668 minime
1296 1631 1462 1679 auguris,

142 1697 248 1747 quod
277 1697 461 1746 ascripsit,
492 1697 543 1734 ob
576 1709 661 1734 eam
693 1710 849 1735 causam
885 1697 1073 1746 populum
1104 1696 1326 1733 Romanum
1363 1696 1463 1733 cala-

142 1762 314 1799 mitatem
346 1762 555 1799 maximam
593 1763 752 1812 cepisse.
810 1762 849 1799 Si
884 1763 987 1799 enim
1020 1774 1066 1798 ea
1094 1773 1210 1798 causa
1239 1760 1461 1797 calamitatis

144 1827 223 1872 fuit,
244 1839 324 1864 non
343 1828 382 1863 in
404 1838 451 1864 eo
471 1833 528 1864 est
548 1827 660 1876 culpa
686 1828 750 1877 qui
778 1827 1031 1872 obnuntiavit,
1053 1825 1121 1863 sed
1149 1826 1188 1862 in
1216 1837 1265 1862 eo
1294 1826 1359 1874 qui
1381 1837 1463 1863 non

143 1893 278 1943 paruit.
307 1892 451 1929 Veram
471 1893 574 1930 enim
595 1893 711 1930 fuisse
732 1892 1079 1937 obnuntiationem‚
1095 1897 1136 1928 ut
1151 1891 1203 1928 ait
1222 1891 1325 1928 idern
1345 1903 1465 1940 augur

145 1964 183 1995 et
211 1969 359 2002 censor,
390 1958 513 1995 exitus
543 1958 793 2007 approbavit:
828 1969 927 2007 quae
965 1956 996 1994 si
1024 1955 1120 1993 falsa
1148 1956 1292 2001 fuisset,
1321 1956 1465 1993 nullam

145 2022 279 2060 afferre
313 2023 504 2071 potuisset
542 2034 699 2060 causam
737 2021 972 2060 calamitatis.
1027 2020 1185 2058 Etenim
1223 2021 1337 2067 dirae,
1370 2021 1466 2058 sicut

145 2093 272 2125 cetera
297 2086 478 2135 auspicia,
498 2093 540 2124 ut
566 2087 709 2133 omina,
728 2092 770 2124 ut
797 2087 919 2135 signa,
947 2097 1027 2123 non
1055 2097 1191 2123 causas
1215 2085 1380 2123 afferunt
1399 2096 1466 2122 cur

144 2151 238 2201 quid
267 2151 429 2197 eveniat,
469 2150 538 2189 sed
575 2152 751 2189 nuntiant
787 2158 947 2188 ventura
983 2151 1055 2188 nisi
1094 2150 1315 2200 provideris.
1371 2148 1466 2186 Non

143 2217 257 2266 igitur
276 2216 518 2254 obnuntiatio
543 2216 646 2254 Ateii
676 2228 834 2253 causam
859 2216 970 2253 finxit
1001 2216 1237 2261 calamitatis,
1258 2215 1327 2252 sed
1353 2215 1464 2264 signo

143 2283 296 2320 obiecto
315 2282 466 2319 monuit
487 2281 681 2327 Crassum,
702 2280 796 2330 quid
824 2287 1048 2319 eventurum
1071 2286 1173 2318 esset
1201 2280 1274 2317 nisi
1293 2280 1464 2318 cavisset.

143 2346 203 2386 Ita
222 2353 287 2385 aut
305 2347 367 2385 illa
387 2346 628 2385 obnuntiatio
655 2345 749 2384 nihil
773 2345 898 2392 valuit,
921 2352 985 2383 aut
1005 2346 1048 2393 si,
1068 2351 1110 2383 ut
1129 2345 1280 2396 Appius
1309 2344 1463 2392 iudicat,

1482 732 1498 763 5

1484 1067 1523 1089 10

1486 1452 1521 1483 15

1481 1779 1521 1801 20

1483 2103 1520 2135 25
