1668 2509
147 105 224 136 Sect.
242 104 297 136 IV.
520 104 608 135 BEA
619 105 648 135 U
651 104 754 135 TIES
785 105 842 136 OF
870 105 933 135 NA
945 104 1079 138 TURE.
1388 110 1404 138 1
1416 109 1435 150 7
1443 112 1465 154 3

69 211 131 242 260
147 205 235 243 cibo
264 217 379 243 sucus
407 204 450 252 is,
472 217 551 254 quo
581 205 727 248 alimur,
748 212 948 255 permanat
976 205 1027 244 ad
1052 206 1168 252 ieeur,
1189 218 1258 256 per
1278 208 1467 256 quasdam

147 282 171 308 a
189 270 318 307 medio
349 271 528 308 intestino
557 282 679 320 usque
707 270 756 308 ad
785 278 916 320 portas
945 271 1083 309 iecoris
1104 271 1175 322 (sic
1204 272 1307 309 enim
1337 274 1469 322 appel-

146 333 287 385 lantur)
309 335 442 373 ductas
462 343 500 373 et
520 336 680 374 directas
699 337 790 382 vias,
813 348 911 386 quae
941 337 1131 386 pertinent
1161 337 1210 374 ad
1233 337 1336 375 iecur
1356 339 1467 388 eique

149 400 368 438 adhaerent.
424 400 551 451 Atque
567 401 656 439 inde
677 401 771 438 aliae
792 402 1023 450 pertinentes
1044 408 1142 448 sunt,
1163 414 1231 451 per
1251 415 1346 452 quas
1367 404 1470 442 cadit

150 466 256 504 cibus
276 478 299 503 a
317 466 443 504 iecore
464 466 653 516 delapsus.
711 467 773 504 Ab
799 479 847 505 eo
872 468 959 504 cibo
989 479 1108 516 quum
1134 474 1191 505 est
1211 475 1357 506 secreta
1383 469 1469 507 bilis

65 533 128 576 265
149 530 250 580 iique
278 530 468 577 humores,
501 533 565 582 qui
598 544 618 569 e
652 533 806 570 renibus
839 532 1143 582 profunduntur:
1183 533 1328 583 reliqua
1357 546 1399 572 se
1429 535 1469 571 in

149 598 378 646 sanguinem
392 604 542 635 vertunt
563 598 613 636 ad
633 598 865 647 easdemque
884 605 1014 648 portas
1034 599 1170 636 iecoris
1192 599 1403 646 confluunt,
1421 600 1470 638 ad

149 676 244 714 quas
260 676 398 701 omnes
418 664 498 702 eius
512 664 592 701 viae
612 664 823 713 pertinent:
853 676 922 714 per
943 677 1038 715 quas
1057 664 1187 714 lapsus
1207 666 1314 703 cibus
1335 666 1374 703 in
1394 666 1469 704 hoc

149 730 235 779 ipso
255 729 342 769 loco
370 730 410 766 in
433 741 519 766 eam
544 741 692 774 venam,
714 741 813 778 quae
842 741 935 767 cava
960 730 1182 779 appellatur,
1209 731 1470 777 confunditur,

151 806 295 844 perque
325 806 411 831 eam
439 794 488 832 ad
517 806 584 832 cor
612 793 810 832 confectus
839 795 916 832 iam
946 803 1154 846 coctusque
1184 797 1410 846 perlabitur;
1448 810 1471 834 a

75 865 134 900 ²70
152 860 268 897 corde
288 866 416 897 autern
436 860 475 896 in
495 866 617 898 totum
634 871 772 909 corpus
790 861 1021 898 distribuitur
1036 874 1103 911 per
1121 874 1238 900 venas
1259 863 1471 900 admodum

151 925 302 971 multas,
322 926 362 962 in
382 936 516 962 omnes
536 931 662 974 partes
683 926 856 974 eorporis
875 928 1115 975 pertinentes.

205 995 262 1029 11.
291 990 375 1028 Iam
395 991 457 1028 illa
476 992 683 1040 explicetur
706 992 936 1030 incredibilis
965 991 1109 1030 fabrica
1136 999 1306 1031 naturae.
1365 993 1469 1031 Nam

151 1069 250 1106 quae
271 1057 402 1106 spiritu
422 1057 462 1093 in
482 1058 686 1106 pulmones
715 1058 842 1095 anima
869 1058 1029 1104 ducitur,
1051 1070 1096 1095 ea
1121 1059 1274 1097 calescit
1302 1060 1470 1109 primum

152 1122 202 1159 ab
233 1122 319 1171 ipso
350 1122 494 1171 spiritu,
525 1122 663 1160 deinde
692 1123 950 1172 coagitatione
979 1123 1230 1173 pulmonum:
1269 1137 1317 1162 ex
1346 1137 1468 1174 eaque

75 1193 133 1225 275
152 1199 241 1237 pars
269 1187 437 1224 redditur
465 1188 700 1237 respirando,
721 1201 810 1238 pars
839 1189 1053 1238 concipitur
1082 1190 1210 1227 cordis
1238 1197 1346 1239 parte
1375 1203 1470 1240 qua-

153 1251 253 1301 dam,
283 1264 399 1301 quem
432 1254 681 1290 ventriculum
716 1254 843 1292 cordis
879 1255 1085 1303 appellant,
1116 1255 1176 1292 cui
1211 1256 1342 1294 similis
1379 1257 1471 1294 alter

152 1317 353 1354 adiunctus
388 1325 456 1363 est,
486 1318 525 1355 in
564 1330 679 1367 quem
712 1319 868 1367 sanguis
897 1331 920 1356 a
947 1319 1074 1357 iecore
1103 1332 1171 1368 per
1199 1332 1337 1358 venam
1369 1321 1470 1359 illam

152 1394 285 1420 cavam
305 1383 438 1421 influit.
494 1384 630 1434 quue
649 1384 768 1421 modo
798 1397 846 1422 ex
872 1384 931 1422 his
951 1386 1123 1434 partibus
1152 1392 1189 1423 et
1218 1387 1375 1435 sanguis
1403 1399 1472 1436 per

152 1460 270 1486 venas
307 1449 347 1485 in
381 1461 497 1486 omne
531 1461 671 1498 corpus
705 1449 927 1487 diffunditur
956 1456 993 1487 et
1022 1451 1174 1499 spiritus
1208 1463 1275 1500 per
1304 1452 1470 1490 arterias.

74 1509 136 1540 280
153 1513 349 1563 Utraeque
369 1520 496 1552 autem
517 1516 672 1553 crebrae
692 1515 910 1564 multaeque
929 1522 1011 1553 toto
1032 1527 1193 1563 corpore
1213 1516 1379 1553 intextae
1395 1518 1469 1554 vim

154 1579 362 1628 quamdam
390 1580 652 1617 incredibilem
681 1580 874 1617 artificiosi
898 1582 1025 1630 operis
1054 1581 1246 1631 divinique
1274 1588 1469 1620 testantur.

155 1644 261 1691 Quid
281 1645 406 1682 dicam
427 1645 474 1682 de
494 1646 656 1692 ossibus,
677 1657 775 1695 quae
795 1646 965 1683 subiecta
984 1647 1134 1695 corpori
1154 1647 1344 1685 mirabiles
1364 1659 1472 1685 com-

154 1711 335 1749 missuras
355 1711 498 1748 habent
518 1718 555 1748 et
575 1711 624 1748 ad
645 1711 884 1748 stabilitatem
904 1718 1013 1760 aptas
1033 1719 1070 1749 et
1089 1713 1139 1750 ad
1158 1719 1260 1750 artus
1280 1713 1470 1751 finiendos

155 1777 467 1814 accommodatas
487 1783 523 1814 et
543 1777 592 1814 ad
607 1783 756 1814 motum
771 1783 808 1813 et
828 1777 878 1814 ad
897 1789 1054 1814 omnem
1075 1778 1246 1827 corporis
1266 1779 1471 1816 actionem.

79 1834 136 1874 Ζ35
157 1840 248 1878 Huc
267 1842 364 1879 adde
385 1853 532 1887 nervos,
555 1853 577 1878 a
597 1842 734 1891 quibus
760 1848 862 1879 artus
891 1843 1145 1888 continentur,
1166 1855 1376 1893 eorumque
1403 1844 1472 1880 im—

157 1904 401 1953 plicationem
433 1910 515 1942 toto
554 1915 716 1954 corpore
753 1899 1017 1953 pertinentem,
1053 1905 1118 1954 qui
1154 1905 1250 1942 sicut
1282 1918 1402 1943 venae
1435 1914 1472 1944 et

156 1969 311 2008 arteriae
332 1982 354 2007 a
373 1971 488 2007 corde
507 1971 614 2008 tracti
633 1977 671 2007 et
690 1970 850 2019 profecti
870 1970 909 2007 in
930 1982 1070 2020 corpus
1089 1983 1206 2009 omne
1227 1972 1427 2010 ducuntur.

209 2039 273 2073 12.
302 2034 365 2071 Ad
384 2034 483 2072 hanc
503 2036 779 2084 providentiam
800 2042 957 2073 naturae
977 2042 1057 2073 tam
1073 2037 1294 2086 diligentem
1316 2045 1472 2088 tamque

157 2099 348 2139 sollertem
368 2100 523 2148 adiungi
542 2101 662 2139 multa
687 2107 861 2150 possunt,
883 2113 904 2138 e
924 2101 1062 2150 quibus
1089 2102 1329 2152 intelligatur,
1351 2116 1471 2153 quan-

79 2170 140 2202 290
156 2172 216 2203 tae
235 2177 296 2202 res
316 2165 536 2203 hominibus
555 2178 578 2203 a
597 2166 679 2212 diis,
702 2178 896 2215 quamque
915 2167 1078 2204 eximiae
1102 2168 1260 2205 tributae
1282 2169 1376 2206 sint:
1406 2169 1471 2217 qui

156 2230 321 2280 primum
349 2242 418 2267 eos
447 2229 565 2267 humo
594 2231 776 2268 excitatos
805 2231 928 2268 celsos
956 2238 994 2268 et
1022 2239 1170 2270 erectos
1199 2234 1403 2278 constituit,
1431 2241 1472 2270 ut

155 2296 317 2333 deorum
337 2295 597 2345 cognitionem
617 2296 765 2333 caelum
785 2297 975 2334 intuentes
995 2309 1131 2346 capere
1152 2304 1322 2346 possent.
1375 2297 1470 2336 Sunt

154 2359 257 2398 enim
276 2367 416 2399 eterra
435 2361 611 2399 homines
637 2372 717 2398 non
745 2367 786 2398 ut
814 2361 964 2399 incolae
993 2368 1107 2412 atque
1135 2361 1377 2410 habitatores,
1401 2363 1470 2401 sed
