1668 2509
125 69 226 113 &hap-
248 71 289 103 11.

45 499 109 531 250

546 71 703 104 OMENS
731 70 832 103 AND
862 72 986 104 DREA
994 74 1069 106 MS.
1373 75 1390 105 1
1404 75 1449 117 17

299 179 309 194 ⁶
323 174 392 208 Hic
413 175 502 207 Iovis
525 175 657 208 altisoni
680 176 790 209 subito
812 177 947 220 pinnata
970 177 1112 216 satelles,

321 227 461 259 Arboris
484 237 502 260 e
525 231 639 260 trunco
663 229 820 271 seipentis
843 230 952 261 saucia
976 241 1096 267 morsu,

322 279 450 321 Subigit
474 279 554 321 ipsa,
578 280 654 312 seris
677 281 870 323 transfigens
893 282 1066 323 unguibus,
1096 292 1236 324 anguem

324 331 559 364 Semianimum
583 336 615 364 et
638 332 727 364 varia
750 333 892 374 graviter
915 334 1038 366 cervice
1060 333 1247 365 micantem.

321 383 428 424 Quem
451 393 486 415 se
509 383 748 426 intorquentem
771 384 898 416 lanians
922 391 1093 427 rostroque
1116 390 1296 422 cruentans,

320 435 393 466 Iam
417 435 534 466 satiata
556 435 694 472 animos,
718 435 783 467 iam
806 436 905 468 duros
929 437 998 468 ulta
1022 437 1164 473 dolores,

321 486 445 518 Abiieit
469 485 640 523 efflantem,
664 492 697 519 et
720 487 897 520 laceratum
920 488 1035 530 affligit
1058 489 1091 520 in
1114 488 1212 524 unda,

321 537 427 580 Seque
449 538 541 570 obitu
564 549 584 570 a
607 539 685 570 solis
708 539 830 571 nitidos
854 541 1013 572 convertit
1036 540 1078 571 ad
1102 545 1203 571 ortus,

322 589 422 622 Hanc
443 590 500 622 ubi
523 591 731 632 praepetibus
754 592 860 633 pinnis
886 591 1044 634 lapsuque
1067 591 1234 623 volantem

321 642 502 684 Conspexit
526 642 661 679 Marius,
685 642 786 674 divini
808 644 950 675 numinis
973 654 1087 684 augur,

322 693 508 736 Faustaque
531 694 624 736 signa
649 705 725 726 suae
748 695 855 727 laudis
878 695 1062 736 reditusque
1085 693 1223 731 notavit,

321 744 472 777 Partibus
497 746 638 777 intonuit
663 746 744 778 eaeii
767 751 860 789 pater
883 747 952 789 ipse
975 746 1132 778 sinistris:

320 795 374 828 Sic
396 797 524 839 aquilae
547 797 669 830 clarum
693 797 833 830 firmavit
855 798 1005 840 Iuppiter
1029 797 1146 830 omen.’

128 914 139 926 ‘
178 922 242 957 14.
270 917 399 969 Atque
425 918 486 957 ille
513 918 673 957 Romuli
702 926 910 969 auguratus
938 919 1142 969 pastoralis
1168 931 1250 956 non
1279 919 1450 958 urbanus

126 983 221 1031 fuit3
250 995 323 1022 nec
353 984 464 1022 fictus
493 984 543 1022 ad
572 985 775 1035 opiniones
798 985 1075 1035 imperitorum,
1102 984 1169 1022 sed
1199 997 1221 1022 a
1247 984 1357 1022 certis
1387 997 1450 1022 ac-

126 1055 260 1099 ceptus
281 1054 319 1087 et
338 1049 502 1102 posteris
529 1050 701 1088 traditus.
757 1050 893 1099 Itaque
915 1049 1107 1088 Romulus
1127 1061 1260 1099 augur,
1281 1055 1324 1086 ut
1347 1049 1450 1098 apud

46 1119 109 1152 260
125 1114 298 1153 Ennium
318 1121 386 1162 est,
409 1127 499 1154 cum
518 1114 632 1153 fratre
651 1115 744 1153 item
764 1127 920 1164 augure,

45 1439 105 1484 265

49 1702 110 1734 270

50 1954 108 1986 ²55

54 2214 113 2246 280

321 1225 481 1257 Curantes
505 1234 625 1266 magna
649 1234 722 1256 cum
747 1234 833 1260 cura,
857 1223 1087 1265 concupientes

320 1276 436 1318 Regni,
461 1276 540 1308 dant
563 1287 696 1318 operam
720 1275 817 1307 simul
839 1275 983 1317 auspicio
1007 1276 1218 1318 augurioque.

320 1328 412 1360 Hinc
435 1328 557 1361 Remus
579 1328 724 1370 auspicio
749 1338 783 1359 se
805 1327 942 1359 devovet
965 1332 1062 1369 atque
1085 1329 1261 1360 secundam

319 1378 416 1413 Solus
439 1391 532 1413 avem
555 1385 671 1412 servat.
719 1379 766 1412 At
789 1379 943 1410 Romulu’
967 1379 1102 1420 pulcher
1124 1380 1157 1411 in
1181 1380 1249 1412 alto

320 1431 457 1473 Quaerit
479 1431 655 1467 Aventino,
679 1441 810 1462 servans
832 1441 934 1471 genus
957 1430 1197 1462 altivolantum.

320 1483 510 1520 Certabant,
533 1484 648 1515 urbem
671 1483 856 1514 Romamne
879 1483 1058 1514 Remamne
1080 1487 1246 1515 vocarent..

321 1535 439 1568 Omnis
462 1546 538 1567 cura
559 1534 646 1570 viris,
669 1539 741 1566 uter
763 1538 846 1565 esset
869 1533 1089 1575 induperator.

320 1587 530 1630 Exspectant,
553 1586 663 1622 veluti,
688 1586 799 1618 consul
823 1596 922 1628 quum
945 1586 1073 1617 mittere
1101 1585 1230 1627 signum

320 1638 412 1675 Volt,
436 1649 548 1671 omnes
573 1638 659 1670 avidi
683 1642 830 1679 spectant
853 1637 895 1669 ad
919 1638 1054 1669 carceris
1079 1648 1164 1675 oras.

322 1690 430 1732 Quam
453 1700 530 1725 mox
553 1691 681 1723 emittat
703 1689 798 1731 pictis
822 1700 840 1721 e
863 1689 1003 1720 faucibu’
1025 1698 1159 1721 currus:

321 1742 375 1775 Sic
397 1742 588 1784 expectabat
612 1742 763 1783 populus,
787 1745 884 1782 atque
908 1751 964 1772 ore
986 1741 1124 1772 timebat

323 1794 444 1830 Rebus,
467 1794 532 1825 utri
556 1794 666 1835 magni
688 1792 824 1824 victoria
848 1793 890 1824 sit
912 1793 989 1824 d-ata
1012 1792 1113 1834 reg-ni.

323 1845 451 1877 Interea
474 1845 524 1877 sol
547 1845 634 1876 albu'
658 1845 789 1876 recessit
811 1844 845 1876 in
868 1844 970 1876 infera
992 1845 1116 1881 noctis:

324 1896 407 1928 Exin
424 1896 562 1928 candida
586 1907 620 1928 se
643 1896 741 1927 radiis
764 1896 853 1927 dedit
876 1896 942 1928 icta
965 1896 1052 1928 foras
1077 1896 1152 1933 lux:

325 1947 369 1979 Et
391 1948 488 1979 simul
510 1959 550 1980 ex
571 1948 639 1979 alto
663 1948 762 1989 longe
785 1947 1004 1988 pulcherrima
1026 1958 1162 1989 praepes

327 1998 435 2030 Laeva
456 1999 579 2031 volavit
602 1999 690 2031 avis:
714 1999 810 2030 simul
833 2009 948 2030 aureus
972 1999 1114 2030 exoritur
1138 1999 1198 2031 sol.

327 2049 455 2082 Cedunt
477 2050 518 2082 de
541 2051 632 2082 caelo
655 2055 703 2082 ter
725 2056 879 2092 quattuor
902 2061 1038 2091 corpora
1061 2056 1174 2081 sancta

327 2101 457 2137 Avium,
479 2103 686 2144 praepetibus
709 2113 778 2134 sese
800 2101 1006 2143 pulchrisque
1029 2101 1111 2133 locis
1134 2102 1222 2133 dant.

327 2152 496 2192 Conspicit
518 2153 593 2185 inde
615 2154 677 2185 sibi
701 2154 778 2185 data
802 2153 963 2184 Romulus
988 2163 1057 2184 esse
1080 2153 1199 2194 priora,

326 2203 484 2246 Auspicio
507 2204 599 2246 regni
620 2205 767 2237 stabilita
790 2215 922 2237 scamna
946 2204 1125 2246 solumque.
