1668 2509
81 398 118 420 10

79 1714 121 1743 30

85 2356 128 2386 40

129 93 232 134 ¹Chap.
255 93 310 124 Vl.
531 92 687 122 OMENS
717 92 815 122 AM)
846 93 967 122 DREA
976 93 1051 124 MS.
1377 101 1454 141 125

137 191 322 240 sanguine
351 190 592 228 redundaret.
650 188 769 236 Quod
800 191 928 229 matris
963 192 1158 229 somnium
1190 194 1368 231 immanis
1393 194 1457 231 filii

136 257 338 296 crudelitas
377 255 652 305 comprobavit.
717 255 821 302 Quid
863 268 948 305 ego,
985 269 1082 306 quae
1123 259 1225 308 magi
1266 258 1368 307 Cyro
1406 259 1457 295 illi

137 323 299 373 principi
337 322 569 370 interpretati
607 327 706 367 sunt,
741 334 788 358 ex
828 321 995 360 Dinonis
1037 323 1198 361 Persicis
1237 325 1456 374 proferam?

137 387 239 426 Nam
273 399 392 437 quum
421 387 624 424 dormienti
644 387 678 424 ei
707 386 763 423 sol
793 387 841 423 ad
867 387 986 436 pedes
1016 389 1117 426 visus
1147 396 1258 433 esset,
1280 396 1335 427 ter
1364 402 1453 428 eum

137 453 265 490 scribit
285 452 421 489 frustra
441 452 670 501 appetivisse
700 452 888 497 manibus,
910 463 1029 501 quum
1061 465 1101 491 se
1134 455 1367 492 convolvens
1399 456 1457 492 sol

137 518 349 556 elaberetur
365 524 402 555 et
414 518 557 554 abiret:
587 517 619 554 ei
636 529 774 565 magos
789 517 939 562 dixisse,
962 516 1087 569 (quod
1103 532 1226 567 genus
1240 521 1456 569 sapientum

137 589 175 621 et
212 583 414 620 doctorum
451 582 663 620 habebatur
702 582 740 618 in
779 580 933 632 Persis>
964 596 1010 620 ex
1044 585 1179 633 triplici
1218 586 1452 634 appetitione

139 649 241 695 solis,
261 661 338 686 xxx
366 659 490 685 annos
518 647 662 697 Cyrum
692 654 939 696 regnaturum
970 661 1065 694 esse,
1087 651 1275 698 portendi.
1336 650 1457 697 Quod

102 728 117 758 5
138 714 190 751 ita
223 714 391 762 contigit.
450 712 554 750 Nam
592 713 640 750 ad
675 714 1001 762 septuagesimum
1035 716 1216 764 pervenit,
1250 728 1370 765 quum
1406 727 1456 752 XI.

138 787 249 818 natus
270 791 394 817 annos
413 791 571 828 regnare
592 780 794 828 coepisset.

192 850 230 883 2.
259 846 329 882 Est
354 845 527 894 profecto
548 845 731 893 quiddam
752 847 866 883 etiam
889 846 928 883 in
955 847 1127 884 barbaris
1148 848 1326 895 gentibus
1347 860 1456 896 prae-

138 912 306 949 sentiens
337 917 450 959 atque
486 910 681 947 divinans:
711 912 901 960 siquidem
935 912 983 948 ad
1015 919 1178 949 mortem
1204 913 1454 961 proficiscens

139 976 306 1014 Calanus
338 976 467 1020 Indus,
496 987 614 1024 quum
648 977 873 1013 ascenderet
909 977 946 1013 in
981 988 1119 1025 rogum
1155 978 1364 1023 ardentem,
1396 977 1455 1016 ‘O

82 1061 95 1081 2
139 1042 375 1091 praeclarum
392 1040 626 1087 discessum‚'
643 1041 773 1090 inquit,
790 1045 833 1078 ‘e
853 1042 948 1078 vita!
979 1054 1110 1090 quum,
1124 1049 1164 1079 ut
1187 1042 1346 1080 Herculi
1362 1055 1455 1081 con-

139 1107 232 1156 tigit,
253 1106 403 1143 mortali
424 1117 585 1154 corpore
616 1113 796 1152 crematO,
817 1107 855 1143 in
886 1107 1010 1144 lucem
1039 1108 1188 1145 animus
1214 1110 1420 1146 excesserit
1434 1108 1454 1146 !’

140 1172 348 1221 Quumque
369 1171 588 1208 Alexander
614 1183 700 1208 eum
722 1178 884 1220 rogaret,
907 1172 937 1208 si
964 1172 1056 1221 quid
1083 1173 1202 1218 vellet,
1224 1180 1264 1210 ut
1291 1174 1453 1219 diceret;

142 1241 150 1256 ‘
169 1236 348 1287 Optime,’
369 1237 512 1286 inquit:
544 1237 792 1285 ‘propediem
813 1244 848 1273 te
869 1236 1031 1274 videbo!
1072 1236 1191 1283 Quod
1211 1239 1262 1275 ita
1283 1240 1453 1287 contigit.

140 1302 243 1340 Nam
267 1301 465 1351 Babylone
497 1302 627 1350 paucis
656 1308 744 1350 post
764 1302 899 1339 diebus
930 1302 1149 1339 Alexander
1183 1310 1239 1340 est
1268 1311 1454 1341 mortuus.

139 1366 309 1405 Discedo
330 1371 535 1416 parumper
569 1378 591 1403 a
612 1367 781 1412 somniis,
804 1367 853 1404 ad
881 1379 979 1416 quae
1009 1379 1101 1405 mox
1136 1375 1308 1406 revertar.
1367 1368 1456 1415 Qua

139 1440 254 1471 nocte
288 1432 472 1480 templum
493 1431 682 1480 Ephesiae
713 1431 862 1469 Dianae
883 1432 1114 1481 deflagravit,
1136 1433 1271 1470 eadem
1306 1441 1457 1471 constat

140 1510 187 1535 ex
219 1497 449 1547 Olympiade
488 1503 620 1534 natum
650 1509 735 1534 esse
766 1497 1041 1542 Alexandrum,
1072 1505 1197 1547 atque,
1226 1499 1291 1535 ubi
1329 1499 1457 1536 lucere

140 1565 342 1613 coepisset,
378 1563 592 1599 clamitasse
630 1574 779 1610 magos,
818 1569 968 1611 pestem
1007 1574 1052 1600 ac
1092 1563 1301 1611 perniciem
1340 1564 1456 1601 Asiae

140 1630 316 1679 proxima
335 1634 447 1665 nocte
468 1634 609 1664 natam.
668 1627 778 1664 Haec
800 1627 847 1664 de
868 1627 974 1664 Indis
995 1633 1033 1664 et
1052 1628 1188 1676 magis.

193 1700 230 1733 3.
263 1694 484 1731 Redeamus
523 1693 571 1729 ad
610 1693 769 1730 somnia.
828 1692 1089 1729 Hannibalem
1129 1692 1281 1730 Caelius
1316 1694 1457 1739 scribit,

141 1773 261 1810 quum
281 1759 502 1797 columnam
531 1770 686 1795 auream
715 1769 814 1806 quae
843 1764 944 1795 esset
978 1757 1128 1795 insano
1158 1758 1318 1795 Iunonis
1347 1758 1457 1796 Laci-

141 1827 227 1864 niae
259 1824 404 1862 auferre
437 1823 559 1869 vellet,
596 1823 859 1871 dubitaretque
893 1829 1020 1862 utrum
1051 1835 1096 1860 ea
1128 1823 1251 1860 solida
1274 1830 1384 1868 esset,
1409 1836 1458 1860 an

143 1891 379 1929 extrinsecus
411 1889 594 1934 inaurata,
616 1888 933 1937 perterebravisse
950 1884 973 1925 :'
990 1899 1185 1936 quumque
1214 1888 1375 1925 solidam
1401 1890 1459 1926 in-

143 1956 319 2001 venisset,
351 1955 620 2002 statuissetque
654 1953 796 1998 tollere,
825 1953 859 1989 ei
891 1953 1105 1991 secundum
1136 1953 1303 2002 quietem
1337 1955 1457 1991 visam

110 2036 122 2058 ε
145 2034 229 2060 esse
249 2021 442 2058 Iunonem
461 2020 681 2069 praedicere
702 2031 750 2056 ne
770 2018 808 2055 id
828 2018 978 2063 faceret,
1000 2019 1225 2067 minarique,
1247 2019 1277 2055 si
1297 2018 1460 2065 fecisset,

146 2100 187 2126 se
221 2093 436 2124 curaturam
469 2091 510 2122 ut
544 2096 633 2122 eum
667 2096 822 2133 quoque
859 2084 1025 2129 oculum,
1061 2095 1138 2133 quo
1172 2084 1271 2121 bene
1305 2084 1458 2129 videret,

144 2153 355 2197 amitteret;
385 2150 500 2200 idque
517 2150 565 2186 ab
585 2150 741 2186 homine
761 2156 875 2186 acuto
895 2161 974 2185 non
995 2160 1080 2185 esse
1100 2148 1328 2197 neglectum.
1385 2149 1460 2185 Ita·

145 2229 221 2267 que
247 2229 293 2254 ex
322 2227 369 2253 eo
399 2226 504 2260 aur0,
525 2214 629 2263 quod
658 2215 937 2251 exterebratum
968 2220 1079 2258 esset,
1100 2214 1278 2250 buculam
1309 2225 1460 2251 curasse

146 2282 374 2326 faciendam,
395 2291 432 2317 et
451 2292 536 2317 earn
556 2281 596 2316 in
617 2292 768 2317 summa
789 2280 968 2316 columna
988 2278 1245 2315 collocavisse.

199 2352 240 2385 4.
270 2346 362 2384 Hoc
395 2345 497 2383 idem
529 2345 569 2382 in
604 2345 732 2390 Sileni,
763 2356 878 2394 quern
913 2342 1066 2381 Caelius
1096 2343 1275 2390 sequitur.
1312 2341 1461 2381 Graeca
