1668 2509
141 106 146 111 .
177 78 255 109 Sect.
279 77 338 109 111.
627 65 820 106 sczpzo's
849 74 1028 106 DREAM.
1418 81 1490 123 131

120 251 158 273 10

116 903 156 925 20

111 1561 154 1591 30

111 1884 148 1915 35

109 2206 152 2238 40

179 170 410 221 Scipionem,
441 171 549 209 cuius
582 183 657 220 ego
685 171 841 209 nomine
870 171 955 220 ipso
994 181 1169 207 recreor:
1199 170 1248 206 ita
1283 182 1495 220 numquam

177 247 224 273 ex
246 237 375 274 animo
405 248 495 274 meo
525 236 685 274 discedit
722 236 819 273 illius
850 235 985 284 optimi
1017 242 1131 284 atque
1165 235 1400 272 invictissimi
1430 236 1495 272 viri

177 302 384 341 memoria!
441 301 593 339 Deinde
627 313 701 350 ego
736 302 840 338 illum
879 301 927 338 de
966 312 1037 338 suo
1076 312 1208 348 regno,
1248 300 1307 337 ille
1346 312 1408 337 me
1448 301 1495 338 de

176 373 308 405 nostra
340 379 378 404 re
413 367 565 416 publica
597 373 843 416 percontatus
875 372 957 403 est:
997 365 1202 414 multisque
1234 365 1359 403 verbis
1397 365 1494 402 ultro

177 432 346 481 citroque
368 432 504 469 habitis
525 431 585 468 ille
605 432 718 468 nobis
740 438 995 480 consumptus
1017 438 1074 468 est
1094 431 1186 469 dies.

230 501 266 535 2.
309 497 401 534 Post
448 503 577 534 autem
615 497 722 545 regio
762 503 948 545 apparatu
998 496 1146 545 accepti
1198 507 1417 533 sermonem
1455 496 1494 532 in

176 562 337 600 multam
369 569 524 600 noctem
564 561 828 611 produximus,
868 573 988 610 quum
1034 572 1153 597 senex
1200 560 1292 597 nihil
1330 561 1402 598 nisi
1447 561 1494 598 de

176 627 360 664 Africano
395 627 624 676 loqueretur,
656 626 863 675 omniaque
895 626 974 662 eius
1014 637 1094 662 non
1126 624 1227 662 facta
1265 625 1389 662 solum
1428 625 1494 662 sed

176 693 290 730 etiam
324 693 426 729 dicta
456 691 703 728 meminisset.
762 690 924 735 Deinde,
964 697 1005 727 ut
1035 690 1206 727 cubitum
1235 689 1493 734 discessimus,

175 770 237 795 me
265 765 302 795 et
330 758 378 795 de
406 758 476 804 via,
497 764 535 794 et
563 758 629 806 qui
657 756 706 794 ad
735 757 894 793 multam
923 763 1078 793 noctem
1106 755 1334 804 vigilassem,
1355 756 1494 796 arctior

175 835 291 873 quam
323 823 470 860 solebat
508 834 668 859 somnus
707 822 932 870 complexus
970 828 1037 858 est.
1096 820 1174 857 Hic
1212 821 1316 866 mihi,
1358 821 1493 869 (credo

174 889 353 937 equidem
391 901 438 925 ex
476 887 561 932 hoc,
602 887 708 936 quod
746 899 896 924 eramus
935 886 1071 923 locuti:
1101 885 1141 922 fit
1179 886 1283 922 enim
1322 885 1412 931 fere,
1454 893 1492 922 ut

174 954 427 1002 cogitationes
461 965 735 1002 sermonesque
766 952 886 990 nostri
919 952 1067 1000 pariant
1100 951 1243 1001 aliquid
1276 951 1314 987 in
1354 963 1493 988 somno

173 1019 257 1065 tale,
297 1019 410 1069 quale
450 1018 497 1055 de
538 1018 712 1056 Homero
752 1018 879 1055 scribit
916 1016 1077 1062 Ennius,
1117 1017 1164 1053 de
1203 1028 1280 1065 quo
1318 1016 1491 1053 videlicet

173 1085 398 1133 saepissime
436 1084 597 1132 vigilans
636 1070 783 1121 solebat
822 1083 989 1132 cogitare
1028 1089 1065 1119 et
1102 1082 1208 1131 loqui
1223 1080 1246 1130 :)
1287 1081 1490 1119 Africanus

173 1162 214 1187 se
253 1149 420 1187 ostendit
458 1162 504 1186 ea
537 1149 671 1193 forma,
708 1161 805 1198 quae
837 1148 930 1184 mihi
966 1160 1013 1185 ex
1052 1148 1218 1195 imagine
1257 1148 1338 1184 eius
1377 1159 1491 1195 quam

141 1229 150 1234 ·
174 1227 220 1251 ex
255 1215 339 1264 ipso
374 1221 454 1252 erat
485 1215 636 1260 notior;
667 1226 783 1263 quem
815 1220 856 1250 ut
891 1213 1043 1262 agnovi,
1075 1212 1254 1261 equidem
1285 1211 1488 1249 cohorrui:

173 1280 242 1317 sed
270 1280 342 1325 ille,
375 1279 527 1325 ‘Ades‚‘
557 1279 691 1328 inquit,
714 1279 880 1323 ‘animo‚
911 1285 948 1315 et
978 1278 1110 1315 omitte
1140 1278 1328 1323 timorem,
1351 1277 1491 1326 Scipio,

172 1352 210 1382 et
230 1357 329 1395 quae
351 1345 488 1390 dicam,
510 1345 616 1382 trade
635 1344 855 1381 memoriae.

226 1415 263 1448 3.
294 1410 488 1447 ‘Videsne
518 1409 620 1447 illam
649 1409 795 1454 urbem,
826 1421 935 1458 quae,
965 1421 1097 1457 parere
1128 1408 1274 1458 populo
1308 1407 1488 1445 Romano

171 1482 307 1514 coacta
335 1487 403 1524 per
431 1487 505 1519 me,
526 1480 683 1511 renovat
709 1474 868 1523 pristina
895 1475 1004 1519 bella,
1026 1486 1098 1511 nec
1125 1480 1252 1522 potest
1281 1473 1490 1522 quiescere,

174 1540 419 1588 (ostendebat
447 1546 575 1576 autem
603 1538 881 1588 Karthaginem
910 1539 957 1576 de
986 1539 1138 1576 excelso
1168 1545 1205 1575 et
1224 1538 1338 1587 pleno
1369 1537 1490 1575 stella-

170 1618 265 1651 rum,
286 1605 417 1642 illustri
438 1611 474 1641 et
495 1605 596 1641 claro
627 1604 798 1652 quodam
827 1603 943 1650 loco,)
966 1604 1016 1640 ad
1046 1615 1162 1652 quarn
1187 1610 1228 1640 tu
1257 1614 1490 1651 oppugnan-

171 1671 260 1708 dam
291 1682 394 1707 nunc
428 1670 534 1707 venis
569 1681 692 1718 paene
726 1669 867 1705 miles?
906 1668 1005 1705 hanc
1043 1668 1117 1705 hoc
1156 1668 1311 1704 biennio
1352 1667 1488 1704 consul

170 1742 324 1780 evertes,
364 1735 508 1783 eritque
546 1746 766 1782 cognomen
810 1733 849 1770 id
887 1733 952 1770 tibi
1001 1745 1069 1782 per
1106 1739 1142 1769 te
1179 1741 1342 1781 partum,
1381 1732 1488 1780 quod

168 1799 287 1837 habes
317 1800 442 1837 adhuc
472 1811 495 1836 a
523 1800 635 1836 nobis
664 1798 945 1835 hereditarium.
1003 1788 1135 1844 Quum
1165 1804 1291 1833 autem
1320 1796 1486 1834 Kartha·

169 1865 300 1913 ginem
352 1865 547 1909 deleveris,
586 1863 822 1912 triumphum
867 1850 990 1911 egeris
1036 1873 1253 1911 censorque
1302 1861 1416 1899 fueris
1454 1870 1489 1899 et

169 1929 310 1966 obieris
338 1929 486 1977 legatus
515 1929 748 1978 Aegyptum,
780 1927 938 1976 Syriam,
969 1928 1114 1973 Asiam,
1145 1926 1361 1972 Graeciam,
1398 1927 1488 1964 deli-

169 2006 258 2043 gere
287 1994 424 2031 iterum
455 1995 590 2031 consul
623 1995 763 2031 absens
795 1993 1017 2042 bellumque
1051 1992 1264 2029 maximum
1294 1992 1487 2036 conficies,

169 2059 420 2096 Numantiam
449 2059 613 2097 excides.
673 2058 749 2096 Sed
778 2070 897 2107 quum
926 2059 999 2096 eris
1029 2069 1139 2094 curru
1168 2056 1401 2106 Capitolium
1431 2058 1487 2093 in-

169 2131 309 2169 vectus,
330 2123 504 2160 offendes
524 2135 605 2160 rem
631 2123 825 2172 publicam
852 2123 1112 2172 perturbatam
1140 2121 1308 2159 consiliis
1334 2122 1485 2169 nepotis

168 2189 256 2226 mei.

221 2259 261 2292 4.
292 2253 394 2290 ‘Hic
425 2260 476 2298 tu,
512 2253 702 2299 Africane,
734 2253 916 2290 ostendas
950 2252 1141 2302 oportebit
1174 2251 1317 2300 patriae
1355 2250 1485 2288 lumen

168 2319 286 2357 animi
310 2319 455 2368 ingenii
482 2318 707 2368 consiliique
732 2318 796 2356 tui.
854 2317 931 2355 Sed
958 2319 1038 2355 eius
1066 2317 1249 2366 temporis
1279 2316 1484 2365 ancipitem
