1668 2509
100 84 114 111 l
125 69 178 110 80
450 78 512 108 EX
517 77 606 108 TRA
614 77 696 108 CTS
724 77 785 107 FR
792 77 860 107 OM
889 77 1068 108 CICERO.
1259 78 1337 108 Sect.
1361 77 1417 110 lv.

96 179 188 229 quid
208 178 393 227 significat
413 177 525 223 aliud,
545 177 618 214 nisi
648 189 687 214 se
712 176 761 214 ad
788 176 991 213 hominum
1015 176 1308 214 commoditates
1332 188 1417 214 esse

95 250 298 293 generatos
314 244 327 280 ?
358 242 463 289 Quid
479 243 526 280 de
541 243 665 280 bobus
685 241 848 290 loquar?
877 253 1042 290 quorum
1057 241 1141 290 ipsa
1160 248 1266 290 terga
1285 254 1417 280 nonne

98 309 292 347 declarant
314 319 398 346 esse
420 320 460 345 se
481 308 530 345 ad
550 319 649 344 onus
670 307 938 356 accipiendum
953 306 1142 355 figurata?
1172 307 1337 344 cervices
1351 320 1416 345 au·
1435 321 1498 354 500

96 381 175 411 tem
195 381 306 411 natae
327 373 376 410 ad
391 373 547 422 iugum:
578 379 659 409 tum
679 373 774 409 vires
800 372 1049 409 humerorum
1073 378 1110 409 et
1134 372 1349 410 latitudines
1369 362 1418 410 ad

98 446 220 476 aratra
240 438 485 476 extrahenda.
543 437 693 483 Quibus
710 450 828 487 quum
842 444 961 474 terrae
982 437 1248 486 subigerentur
1261 437 1418 475 fissione

98 504 310 553 glebarum,
333 503 382 540 ab
401 503 464 540 illo
484 515 600 540 aureo
621 515 772 552 genere,
788 509 829 540 ut
849 509 987 552 poetae
1007 502 1227 552 loquuntur,
1241 501 1296 540 vis
1316 501 1420 539 nulla

98 579 283 618 umquam
305 568 543 605 afferebatur.

315 643 433 674 Ferrea
456 646 525 673 turn
547 653 624 674 vero
647 643 756 684 proles
779 648 891 674 exorta
915 647 1044 685 repente
1067 647 1125 679 est,

315 695 470 736 Ausaque
494 695 654 726 funestum
678 696 782 736 prima
806 700 855 726 est
878 695 1063 727 fabricarier
1087 706 1205 731 ensem,

317 746 361 778 Et
384 752 514 788 gustare
538 757 637 777 manu
659 747 803 777 vinctum
827 747 1050 788 domitumque
1072 747 1254 779 iuvencum.

1440 665 1500 697 505

107 832 236 870 Tanta
256 831 460 880 putabatur
478 830 617 868 utilitas
636 830 780 879 percipi
795 842 841 867 ex
861 830 996 875 bobus,
1010 839 1051 867 ut
1066 842 1199 867 eorum
1219 829 1423 867 visceribus

103 897 203 934 vesci
225 896 347 934 scelus
367 896 578 933 haberetur.
635 895 818 943 Longum
845 901 901 932 est
926 895 1118 932 mulorum
1145 895 1324 944 persequi
1350 894 1422 931 uti-

102 962 226 1000 litates
255 968 291 999 et
321 962 527 1007 asinorum,
559 972 656 1009 quae
686 967 786 997 certe
820 960 869 997 ad
898 960 1099 996 hominum
1127 972 1239 997 usum
1268 966 1422 1010 paratae
1441 975 1504 1006 510

103 1034 201 1066 sunt.
262 1026 335 1064 Sus
355 1039 444 1064 vero
466 1026 557 1076 quid
577 1026 690 1063 habet
711 1033 859 1074 praeter
879 1026 1034 1062 escam?
1091 1024 1163 1062 Cui
1183 1025 1350 1074 quidem,
1372 1036 1422 1062 ne

100 1098 347 1142 putresceret,
369 1092 536 1128 animam
566 1091 689 1139 ipsam
718 1102 788 1139 pro
819 1090 896 1126 sale
924 1090 1051 1127 datam
1077 1091 1166 1127 dicit
1189 1102 1273 1128 esse
1302 1090 1424 1139 Chry-

102 1157 245 1207 sippus.
303 1155 392 1202 Qua
420 1156 580 1205 pecude,
611 1156 717 1204 quod
746 1162 825 1192 erat
856 1155 904 1192 ad
938 1156 1171 1193 vescendum
1203 1156 1423 1194 hominibus

103 1229 203 1271 apta,
225 1221 316 1258 nihil
336 1221 467 1270 genuit
489 1228 623 1257 natura
643 1220 853 1257 fecundius.
911 1219 1015 1266 Quid
1037 1221 1318 1258 multitudinem
1338 1233 1423 1259 sua-

103 1288 333 1336 vitatemque
367 1286 529 1335 piscium
562 1286 714 1323 dicam?
753 1285 845 1334 quid
875 1286 1029 1323 avium?
1067 1299 1113 1323 ex
1148 1287 1286 1335 quibus
1318 1291 1424 1323 tanta
1443 1295 1503 1326 5¹5

103 1353 308 1402 percipitur
341 1352 527 1400 voluptas,
557 1358 598 1387 ut
631 1351 824 1388 interdum
858 1351 1034 1388 Pronoea
1068 1358 1198 1388 nostra
1232 1350 1424 1400 Epicurea

102 1417 218 1454 fuisse
239 1417 415 1454 videatur.
474 1416 603 1464 Atque
623 1415 693 1452 hae
714 1427 762 1452 ne
783 1423 1009 1464 caperentur
1023 1416 1277 1465 quidem,rnisi
1297 1415 1422 1454 homi-

103 1495 196 1519 num
225 1482 371 1519 ratione
401 1488 514 1530 atque
545 1481 734 1526 sollertia3
774 1493 1008 1530 quamquam
1038 1493 1126 1518 aves
1165 1481 1352 1531 quasdam
1387 1487 1423 1518 et

104 1548 210 1585 alites
231 1553 267 1584 et
287 1547 452 1592 oscines,
472 1553 513 1583 ut
532 1547 652 1583 nostri
673 1558 835 1595 augures
863 1546 1066 1595 appellant,
1086 1558 1213 1584 rerum
1236 1558 1423 1594 auguran-

107 1615 242 1652 darum
272 1624 386 1650 causa
415 1624 499 1650 esse
531 1618 640 1649 natas
679 1619 870 1661 putamus.
929 1612 1014 1649 Iam
1045 1624 1134 1650 vero
1166 1613 1354 1650 immanes
1388 1617 1424 1649 et
1443 1623 1507 1654 520

106 1679 205 1716 seras
234 1679 379 1716 belluas
408 1678 665 1716 nanciscimur
702 1678 892 1724 venando,
926 1684 967 1714 ut
1000 1685 1037 1715 et
1071 1690 1270 1715 vescamur
1300 1678 1355 1722 iis,
1389 1684 1427 1714 et

106 1756 351 1782 exerceamur
370 1744 410 1780 in
429 1743 605 1780 venando
626 1743 675 1780 ad
704 1743 989 1781 similitudinem
1009 1743 1165 1780 bellicae
1194 1743 1428 1792 disciplinae,

108 1816 148 1846 ut
175 1815 326 1845 utamur
354 1808 511 1845 domitis
537 1814 575 1844 et
601 1806 900 1853 condocefactis‚
920 1814 961 1844 ut
990 1808 1212 1856 elephantis,
1235 1807 1429 1856 multaque

109 1885 156 1910 ex
177 1885 307 1910 earum
328 1873 553 1922 corporibus
574 1873 742 1909 remedia
762 1872 907 1909 morbis
927 1878 964 1909 et
983 1872 1200 1909 vulneribus
1220 1872 1426 1918 eliciamus,

110 1938 208 1975 sicut
228 1949 275 1974 ex
296 1937 526 1986 quibusdam
547 1937 724 1986 stirpibus
746 1944 782 1974 et
794 1937 932 1981 herbis,
954 1949 1116 1986 quarum
1138 1937 1314 1975 utilitates
1342 1937 1426 1975 lon·
1445 1948 1504 1981 525

110 2003 242 2051 ginqui
271 2002 455 2050 temporis
484 2013 556 2038 usu
585 2009 622 2039 et
657 2001 934 2050 periclitatione
972 2002 1226 2051 percepimus.
1283 2002 1428 2040 Totam

110 2068 197 2105 licet
217 2067 363 2111 animis,
394 2073 589 2115 tamquam
612 2067 744 2112 oculis,
773 2066 929 2103 lustrare
957 2073 1096 2103 terram
1125 2067 1320 2117 mariaque
1345 2078 1428 2104 om-

111 2132 174 2169 nia
192 2144 203 2178 3
232 2143 365 2168 cernes
394 2131 470 2168 iam
500 2131 622 2180 spatia
648 2131 826 2179 frugifera
852 2137 965 2180 atque
989 2131 1178 2169 immensa
1202 2143 1427 2180 camporum

112 2197 345 2246 vestitusque
375 2196 624 2233 densissimos
653 2196 853 2241 montium,
884 2196 1076 2245 pecudum
1101 2203 1245 2245 pastus,
1266 2203 1346 2233 turn
1369 2196 1425 2232 in-

113 2261 281 2299 credibili
302 2273 434 2298 cursus
454 2261 664 2298 maritimos
685 2261 886 2297 celeritate.
916 2259 1000 2297 Nee
1021 2272 1110 2298 vero
1136 2273 1250 2309 supra
1274 2266 1423 2306 terram,
1442 2271 1506 2302 530

114 2327 181 2364 sed
210 2327 323 2364 etiam
351 2326 391 2363 in
418 2326 559 2363 intimis
588 2326 668 2362 eius
697 2325 863 2362 tenebris
900 2325 1148 2375 plurimarum
1181 2337 1307 2363 rerum
1334 2325 1424 2363 latet
